2686 4928
453 434 457 445 .
500 404 585 421 --
637 349 725 439 131³
763 395 848 415 --

249 596 283 641 v.
297 569 375 643 35⁵.
424 568 561 635 Vuosom
578 569 704 631 eluviem
726 560 767 626 de
786 556 886 625 effuso
905 556 983 626 lolio
998 557 1086 629 ferae
1099 566 1197 635 iutel-

139 679 314 766 ligendum
336 672 624 742 esse'eonsentiuut
639 687 768 744 omues,
795 662 830 726 id
852 663 938 747 quod
951 672 1114 751 sequentia
1135 673 1197 738 do.

143 798 236 850 eene:
257 800 356 846 venos
371 781 444 841 dum
458 799 544 840 sueres
565 775 749 856 comprimat
769 788 852 830 acer.
896 766 1071 840 Salsedinis
1089 774 1197 846 uirum

146 884 287 955 ePliuio
302 879 427 961 xv11.‚
447 882 479 944 9.
492 878 698 942 Burmannus
713 869 832 937 laudat.

249 1019 368 1095 =7357.
397 1017 512 1082 Mortis
525 1017 628 1086 enim]
642 1028 721 1073 nam
735 1002 863 1069 vulnere
880 1003 972 1070 latius
985 1021 1120 1095 patente,
1142 1018 1201 1085 uhi

149 1125 255 1208 largus
286 1118 419 1203 sanguis
447 1115 592 1203 profluit,
633 1131 720 1176 mors
748 1109 895 1192 sequitur.
944 1109 1046 1194 Igitur
1073 1132 1201 1189 mature

151 1223 435 1312 comprimendum
452 1233 506 1288 est.
552 1219 580 1282 Y
578 1240 627 1280 um
646 1233 728 1297 pura
751 1213 857 1295 labra,
885 1213 973 1298 prius
995 1218 1152 1287 mundata
1172 1241 1204 1291 et

157 1329 260 1408 eluta,
285 1328 410 1390 monebo
429 1325 551 1388 circum
569 1315 728 1403 sequendo
751 1328 783 1379 et
803 1336 902 1379 mauu
923 1320 1101 1402 premendo
1121 1334 1206 1393 tersus·

150 1429 213 1519 filo
229 1426 409 1512 oonsuere.]
430 1421 622 1487 Wernsd.
667 1415 760 1481 Arsi
782 1437 820 1482 ea
841 1416 948 1484 fuisset
968 1438 1080 1507 poetae
1103 1449 1206 1516 mens,

161 1536 228 1621 ipso
243 1553 382 1618 purgare
400 1529 496 1592 verbo
516 1539 596 1592 esset
611 1543 702 1601 usus,
723 1521 876 1605 quoniam
891 1524 1082 1607 primarium
1102 1536 1208 1617 quod·
1304 1563 1306 1569 ’

157 1636 233 1705 dam
252 1633 451 1723 postulatum
475 1644 536 1707 est,
563 1641 599 1690 ut
611 1639 762 1710 purgetur
781 1623 905 1690 vulnus.
948 1626 1106 1698 Putabam
1128 1638 1208 1708 olim

152 1763 236 1827 pm
252 1760 323 1807 esse
338 1735 494 1825 pluralem
508 1729 649 1794 nominis
664 1753 729 1809 pus,
743 1740 777 1789 ut
790 1740 867 1789 esset
886 1732 1059 1797 sententia:
1080 1733 1211 1808 Circum

154 1842 321 1931 sequendo
347 1860 448 1906 mauu
469 1835 611 1915 absterge
635 1854 693 1914 pus
721 1829 843 1893 circum
869 1826 967 1892 labra.
1012 1831 1078 1898 Sed
1100 1837 1214 1912 lubens

157 1970 249 2014 nunc
268 1945 310 2011 ab
330 1965 370 2009 ea
393 1939 519 2006 dicendi
543 1935 711 2022 asperitate
727 1930 858 1997 decedo.
904 1933 973 1999 Hoc
986 1937 1093 2022 potius
1113 1946 1213 2012 modo

160 2050 287 2138 explica
300 2060 445 2134 poetam:
465 2063 585 2127 sequere
598 2040 703 2110 labra,
731 2042 779 2101 ita
795 2050 827 2100 ut
838 2026 927 2122 fiant
940 2064 1037 2123 pura,
1058 2041 1089 2108 h.
1105 2065 1132 2112 e.
1147 2053 1215 2112 eir..

160 2179 232 2220 oum
254 2152 400 2238 sequendo
422 2168 533 2230 purga.
577 2142 796 2208 Redeuudum
817 2139 863 2205 est
878 2143 920 2206 ad
938 2140 1141 2219 Graecorum
1163 2153 1217 2221 di.

157 2254 257 2327 cendi
279 2254 472 2323 brevitatem
493 2248 603 2328 illam,
630 2268 696 2330 qua
718 2247 855 2326 effectum
875 2244 1016 2327 aliquem
1038 2250 1217 2334 significant

159 2342 337 2431 adieerivis.
379 2352 554 2419 Neminem
570 2347 679 2436 paullo
700 2347 905 2411 eruditiorem
928 2343 1126 2419 Graecorum
1150 2379 1218 2424 ser.

164 2484 260 2531 mone
296 2459 441 2544 fugiunt,
484 2475 566 2539 quae
602 2450 768 2517 annotavit
796 2447 957 2516 Seidlerus
986 2452 1029 2518 ad
1056 2452 1220 2547 Euripidis

166 2566 329 2635 Plantam
351 2558 488 2634 nlla,
511 2573 605 2639 atque
623 2556 669 2618 ita
691 2553 910 2621 nominativus
931 2555 1013 2622 adeo
1032 2561 1219 2651 participio-

164 2692 237 2737 rum
253 2664 476 2753 accipiendus,
495 2659 674 2725 utPindar.
690 2656 745 2723 01.
759 2653 815 2721 VI.
832 2680 861 2722 v.
879 2663 910 2730 9.
924 2657 1064 2726 Boeckh.
1107 2665 1222 2738 lstoex
1259 2657 1262 2664 ’

163 2794 282 2861 genere
304 2763 567 2834 commemorabo
587 2759 744 2825 nonnulla
756 2758 968 2842 Latinorum,
991 2786 1075 2848 quae
1096 2769 1223 2844 fefelle-

164 2892 240 2943 runt
253 2872 411 2963 quosdam
428 2870 636 2934 eruditorum.
680 2860 841 2927 Aeneidos
859 2859 913 2925 lib.
923 2861 979 2930 lv.
993 2877 1224 2950 versumdssb:

343 3008 389 3024 -
410 2997 514 3037 rursus
535 2993 572 3034 ne
591 2991 702 3056 procos
715 2971 854 3057 ‘irriso
872 2971 1010 3047 priores

344 3082 516 3161 Enperiar,

169 3183 261 3251 Dido
279 3183 401 3268 inquit,
423 3180 508 3265 quod
527 3201 593 3244 non
614 3190 678 3243 est:
705 3178 745 3240 ab
765 3175 873 3240 Aenea
891 3179 1050 3263 despecto,
1079 3194 1115 3246 ut
1133 3178 1227 3254 eom-'-

168 3302 300 3354 memus
318 3299 365 3351 est
377 3281 665 3358 Wunderlichius,
691 3278 765 3356 sed,
795 3293 832 3344 ut
845 3279 1005 3368 Heyuius,
1033 3297 1066 3348 ut
1081 3267 1226 3356 irrideor.

169 3389 274 3456 limat
296 3408 371 3453 eam
399 3385 561 3469 prolepsin
583 3381 752 3467 Virgilius,
783 3397 820 3448 ut
839 3380 920 3449 Aen.
936 3384 977 3466 l.‚
1001 3389 1093 3453 687.;
1122 3391 1229 3459 domus

171 3494 275 3574 regali
297 3491 459 3574 splendida
481 3490 556 3551 luxu
576 3492 736 3550 instruitur
746 3512 759 3562 ;
777 3485 846 3550 Ecl.
861 3487 919 3555 lll.
935 3510 965 3552 u.
982 3492 1049 3553 27.:
1078 3468 1230 3562 Stridente'

172 3602 317 3661 miserum
339 3595 515 3677 disperdere
539 3594 685 3654 carmen?
726 3588 803 3653 Non
826 3588 989 3653 dissimilis
1017 3605 1063 3655 est
1082 3591 1230 3666 Tibullus

172 3700 228 3769 El.
252 3698 348 3777 1.,8.
371 3719 400 3761 v.
422 3697 474 3761 51.
519 3691 811 3771 Caru1163.‚271.
853 3690 993 3756 Ovidius
1012 3692 1091 3762 Met.
1105 3702 1147 3780 l.,
1177 3708 1230 3769 31.

175 3801 329 3867 Horatius
348 3799 488 3881 denique
510 3792 618 3860 Carm.
640 3795 767 3875 11.‚9.,
792 3801 819 3861 1.
863 3792 959 3876 Ergo,
982 3799 1070 3879 quod
1085 3790 1231 3870 Heinsius

180 3903 313 3969 correxit
334 3915 403 3964 sura
420 3923 478 3983 pro
494 3922 592 3984 puro,
621 3899 775 3971 intactum
798 3912 863 3962 esto
883 3897 1037 3966 relictum.
1080 3900 1230 3977 Ceterum

182 4008 333 4070 includere
352 4002 506 4080 verbum,
532 4018 566 4065 ut
586 4001 671 4084 apud
688 4001 799 4067 Senec.
821 4001 862 4066 de
882 4005 930 4066 ira
952 4002 1029 4083 lll.,
1053 4006 1118 4087 19„
1141 4006 1230 4075 idem

187 4109 267 4175 valet
288 4109 341 4174 bic
366 4122 462 4192 alque
486 4107 635 4168 claudere.
904 4187 965 4253 μ
