2686 4928
495 382 578 402 -·
632 344 843 425 126-

228 554 370 628 hymnum
389 572 542 633 purpureo
558 548 649 633 sesto.
663 559 750 615 canit
770 571 823 615 orc
844 553 970 615 Triuiae

232 668 262 716 ct
283 659 346 715 iam
369 677 523 735 purpureo
545 678 633 719 saras
654 657 774 719 includo
796 658 957 730 cothurno,

144 790 249 875 inquit
270 789 531 853 hexametrorum
554 792 706 877 μειούρων
719 804 842 868 auctor,
864 810 961 874 quem
975 786 1110 852 Livium
1124 784 1207 852 Art-t

145 896 314 961 dronicum
336 893 459 974 putavit
480 913 546 957 esse
561 893 770 957 Terentianus
783 892 917 958 Maurus
937 918 967 978 p.
983 891 1080 958 2426.
1124 888 1206 958 Μ

143 1002 333 1085 scripserunt
349 994 430 1057 illud
446 995 695 1060 calceamentum
713 993 854 1060 Galenus
871 996 1043 1076 etPollur,
1066 1010 1206 1063 auctore·

142 1104 257 1170 Vossio
282 1099 323 1162 ad
347 1096 438 1181 Virg.
461 1098 528 1166 Ecl.
553 1101 627 1163 Vll.
658 1122 687 1163 v.
709 1103 761 1164 32.
791 1099 924 1165 Graecis
950 1116 1017 1165 erat
1043 1098 1207 1188 ἕνδρομος·

144 1206 256 1293 (Anth.
277 1202 350 1282 1V.,
377 1204 461 1285 12),
489 1201 606 1287 linior,
635 1207 813 1286 σανδάλιον,
847 1204 980 1271 ucdilol.
1022 1200 1090 1270 Cir.
1113 1218 1201 1269 euuss·

142 1313 219 1379 dem
241 1309 394 1374 Vossium
422 1305 554 1391 mythol.
582 1308 672 1391 epist.
695 1310 736 1373 11.
762 1333 793 1393 p.
817 1308 869 1372 52.
912 1303 1064 1372 Ceterum
1088 1309 1211 1394 sarcio

141 1435 263 1480 nomen
279 1415 425 1495 alicacia
436 1411 560 1474 videtur
574 1425 751 1495 sumptum.
794 1406 859 1475 Csr.
875 1412 916 1475 ad
930 1412 1060 1478 Nemes.
1074 1418 1170 1483 noo.
1186 1478 1204 1495 ,,

247 1593 277 1635 v.
293 1572 366 1633 339.
410 1566 515 1634 Locus
534 1570 671 1652 pessime
691 1567 898 1652 interpolatus
912 1572 1136 1656 restitutusque
1157 1572 1201 1637 ab

142 1676 246 1747 Ulitio
276 1694 313 1738 eo
342 1672 458 1756 modo,
496 1694 593 1757 quem
619 1676 778 1757 proposui.
821 1672 990 1737 Praeterea
1019 1675 1135 1739 desunt
1163 1670 1201 1741 hi

142 1802 250 1848 versus
269 1778 304 1839 in
324 1777 461 1840 editione
479 1774 520 1842 G.
563 1775 738 1858 Sequimur
758 1773 908 1841 Ulitium.
953 1779 1014 1841 Hic
1030 1782 1208 1847 vitulinanti

143 1889 310 1950 manticam
331 1883 557 1965 interpretatur
578 1881 724 1963 μόσχειον
744 1886 908 1962 κονοῦχον,
941 1902 1037 1965 quem
1060 1886 1201 1968 requirit

142 1986 291 2072 Xenoph.
314 1985 353 2047 de
374 2004 446 2047 ven.
468 2005 535 2065 cap.
551 1983 594 2044 11.
617 1986 645 2062 §-
666 1988 715 2045 10.
759 1980 811 2047 De
835 2004 872 2045 co
889 1983 1000 2048 Pollux
1020 1986 1201 2075 scribitV,

142 2086 758 2169 31.;κονοοχοςοεοέροομόσχειον,
786 2084 830 2158 εις
851 2112 869 2151 ο
896 2087 1054 2153 ἐπίθετοι
1079 2084 1116 2157 ad
1144 2094 1199 2159 lc·

141 2219 252 2273 cruor,
285 2195 331 2276 τῷ
349 2189 484 2272 σχήματι
505 2190 726 2273 πεποιημένον,
756 2185 856 2275 ὥςπερ
881 2218 920 2255 τα
941 2195 1105 2259 ciaaaata
1126 2162 1200 2284 βα-

140 2302 259 2366 λάντια
303 2252 481 2356 illustrandi
504 2315 614 2357 caussa
637 2290 841 2355 Burmannus
867 2292 981 2357 adiecit
1004 2280 1192 2365 Petronium

142 2425 210 2488 cap,
235 2400 302 2478 40,
337 2395 393 2480 qui
423 2411 610 2459 venatorem
638 2397 683 2459 sic
713 2394 876 2461 describit:
914 2400 1062 2464 barbatus
1081 2396 1200 2493 ingeris,

136 2508 248 2596 fasciis
276 2500 446 2564 cruralibus
469 2500 617 2575 alligatus
639 2511 668 2559 ct
692 2501 808 2562 alicula
833 2503 1012 2567 subornatus
1031 2504 1204 2597 pahmilffl

142 2616 306 2688 strictoque
325 2605 485 2663 venatorio
510 2603 606 2663 cultro
627 2602 708 2663 lotus
729 2607 802 2684 apri
822 2608 1011 2670 veliementer
1034 2610 1203 2705 percussio,

143 2712 287 2793 Scaliger
307 2704 449 2768 volebat:
483 2705 598 2767 Cum
578 2707 626 2766 vil
624 2707 662 2767 lis
685 2708 818 2767 muelina
840 2710 910 2773 suis}
954 2707 998 2772 Et
1022 2710 1204 2805 panariurpq

142 2828 308 2883 venatores
337 2824 470 2890 gestasse
497 2804 619 2871 Plinius
649 2807 739 2872 docet
767 2809 867 2896 Epist
896 2810 936 2891 1.,
974 2817 1004 2876 6.
1055 2814 1204 2909 Cltlamyp

141 2919 273 2986 uberius
289 2914 446 2999 descripta
460 2925 506 2974 est
519 2909 560 2972 ab
577 2908 680 2975 Ulitio
697 2913 739 2976 ad
752 2912 884 2980 Nemes
875 2938 964 3001 ..eyn
979 2936 1008 2980 v.
1024 2918 1078 2980 91.
1128 2920 1200 3031 Ga-
1229 2926 1238 2991 ξ

141 3027 239 3098 larus,
268 3018 417 3083 usitatum
431 3030 611 3100 pastorum,
640 3017 855 3099 agricolarum
869 3018 1124 3104 venantiumque
1138 2978 1200 3111 go?

141 3143 265 3193 stamen
281 3120 360 3200 (vid.
381 3115 529 3202 Calpurn.
547 3117 614 3183 Ecl.
630 3118 654 3187 1.
663 3126 753 3202 ,.,7)
781 3123 1044 3206 capillamentum
1066 3142 1195 3221 quoun

142 3244 209 3295 erat
231 3223 395 3291 artificiose
415 3221 613 3301 consectum,
643 3245 706 3308 quo
723 3225 887 3290 calvitium
908 3223 1074 3308 velabant,
1099 3227 1192 3293 cuiue

141 3334 189 3397 rei
211 3342 339 3416 praeter
362 3320 589 3388 Casaubonum
613 3326 654 3388 ad
673 3326 802 3394 Sueton.
823 3329 901 3395 Oth.
916 3351 942 3394 c.
959 3335 1009 3395 12.
1032 3329 1195 3451 quenali}

142 3452 188 3503 est
208 3447 319 3501 auctor
341 3425 406 3492 Sat.
426 3426 485 3494 Vl.
504 3452 533 3495 v.
557 3432 629 3494 120
674 3425 931 3497 conficiebantur
959 3447 1065 3496 autem
1092 3430 1227 3543 galaip·

142 3559 181 3603 ex
212 3536 293 3621 pelle
323 3532 455 3599 alicuius
483 3533 664 3601 animantis.
718 3540 866 3603 lllaelcs.
888 3537 963 3599 mele
983 3557 1042 3620 pro
1065 3506 1194 3623 vulgatd

142 3642 240 3707 maclc
265 3639 404 3720 reposuit
434 3635 610 3700 Salmasius
635 3640 678 3703 ad
709 3639 810 3707 Sulin.
801 3666 863 3728 ..p
887 3642 962 3703 710.
1006 3637 1085 3703 Erat
1112 3604 1194 3749 illud

141 3743 212 3809 selis
227 3739 287 3806 feri
302 3759 417 3821 genus,
434 3738 530 3801 vel
500 3760 639 3820 viverra,
660 3764 741 3827 quae
760 3763 870 3827 graece
883 3744 949 3817 κτίς
965 3740 1095 3821 dicitur;
1115 3704 1194 3807 in'd'e¹

142 3843 275 3917 ecclia
264 3861 370 3927 ipsum
387 3838 530 3923 galerum
543 3842 699 3927 appellari
714 3847 834 3912 nutavit
848 3842 1005 3911 Wernsd.
1168 3810 1194 3955 Ξ

162 4032 165 4037 .
245 4000 275 4042 v.
288 3974 362 4042 341.
409 3975 666 4042 Toletano-cul
651 3980 727 4048 ltro.
760 3977 934 4045 Cultrum
923 3992 1007 4043 inter
1019 3992 1194 4061 praeuntis

143 4096 337 4155 venatorum,
347 4094 552 4147 armamenta
562 4081 668 4166 luisse,
685 4086 763 4153 satis
775 4095 823 4153 eet
835 4081 886 4149 rel
898 4078 1195 4183 exscaecalepffi
