2686 4928
511 352 862 431 ——ulu-a-

171 574 175 581 ·
266 553 377 622 need
422 555 564 620 Odoruto
576 568 690 639 proto,
708 557 797 642 quod
812 558 945 624 odorem
959 557 1104 625 summ
1120 569 1220 632 vesti-

163 660 223 742 giis
233 659 458 722 inhaerentem
471 675 584 725 servat.
625 656 758 726 Gratim
773 683 802 726 v.
810 669 883 730 228.
896 669 1088 744 vocatsigna
1100 690 1220 754 uapore

157 764 260 850 ferino
282 768 491 836 intemerate]
509 759 701 826 Wernsd.

264 942 293 981 v.
310 917 384 983 288.
428 917 570 1000 Supellco
585 918 734 992 uenandi,
756 938 847 979 ormo
856 910 985 983 Gratius
1001 936 1108 1004 vocat,
1128 925 1219 1009 retia,

160 1021 290 1108 plagae,
311 1019 462 1107 pedicae,
484 1017 660 1099 venabula,
682 1018 792 1099 cultri,
815 1018 931 1103 galeri,
951 1020 1219 1109 cothurnlvene·

160 1126 276 1190 terueu.
320 1124 419 1186 cultus
437 1144 576 1206 quorum
592 1137 639 1189 est
658 1123 764 1186 omnis
781 1142 861 1186 cura
876 1123 962 1189 cirea
973 1130 1216 1216 equosieligen.

160 1230 236 1306 due,
254 1224 394 1304 alendos,
410 1222 630 1291 instituendos.
675 1225 714 1293 ln
730 1225 871 1309 legendis
888 1229 981 1313 equis
996 1232 1106 1316 putria
1116 1238 1214 1321 pree—

157 1333 251 1417 slpue
271 1341 440 1413 spect-‘mn
483 1330 591 1414 itaque
612 1327 654 1393 de
676 1326 738 1392 lrec
758 1327 895 1414 incipit]
917 1328 1123 1401 Wernsrl..
1151 1342 1216 1405 Det

160 1436 302 1498 Grauia.
330 1431 421 1497 culus
435 1432 580 1497 maxime
600 1430 800 1496 celebrantur
820 1431 1111 1517 equi'l'hessalici,
1130 1438 1214 1529 Epi·

157 1537 266 1615 retici,
286 1532 444 1618 Argolici,
472 1531 593 1598 Achaei
611 1550 644 1601 et
663 1532 771 1599 Attici.
815 1530 1125 1621 Cappadoces-cum
1143 1547 1212 1631 pri-

156 1660 229 1706 mos
251 1637 361 1703 laudet
380 1635 510 1702 Nemes.
532 1632 691 1704 Graeciae
717 1639 851 1703 nomine
880 1637 1055 1711 Asiaticum
1086 1668 1209 1732 quoque

155 1741 390 1829 complectitur,
416 1738 516 1804 simul
537 1755 673 1805 aetatem
689 1760 783 1804 suem
802 1741 925 1826 prodit,
948 1764 1014 1828 qea
1035 1745 1204 1839 Ceppedu-

156 1869 208 1917 ces
228 1844 302 1930 equi
323 1843 495 1929 praecipuo
523 1845 557 1906 in
585 1843 707 1907 honore
736 1861 835 1912 erant.
876 1843 1085 1936 Quapropter
1109 1855 1218 1923 cetere¹

155 1950 326 2037 Oppianus
338 1945 383 2025 l.,
406 1949 479 2012 197.
494 1967 547 2012 eos
561 1948 643 2010 mire
663 1944 800 2026 extollit,
822 1960 853 2010 et
865 1949 1014 2034 aequales
1030 1968 1141 2018 nostro
1156 1957 1212 2020 alii

153 2038 329 2140 ¹scriptores,
338 2043 552 2133 lul.Capitul.,
566 2037 772 2127 Claudianus,
780 2045 931 2133 Vegetius
944 2052 1046 2118 obiter
1058 2055 1211 2126 laudantz

151 2156 346 2241 patiquioree
360 2150 540 2237 Xenophon
555 2167 585 2218 et
600 2146 729 2219 Gratius
742 2148 905 2243 minime]
920 2152 1105 2223 Wernsd.

255 2346 284 2390 v.
298 2321 372 2389 240.
381 2323 506 2388 -250.
549 2317 776 2408 Cappadocum
791 2341 949 2406 equomm
958 2322 1087 2390 virtutes
1100 2348 1201 2413 prae—

151 2429 308 2499 dicentur.
351 2424 381 2491 E
400 2421 538 2489 Graecia
553 2424 666 2507 igitur,
692 2426 813 2511 inquit,
833 2425 1101 2511 praestantissima
1120 2453 1206 2516 pro-

154 2534 261 2616 genies
284 2526 374 2592 nobis
394 2523 554 2589 afferatur.
599 2524 646 2590 Ac
666 2548 818 2592 versuum
841 2529 974 2612 quidem
991 2530 1206 2604 eiu-244.

153 2631 321 2720 explicatio
338 2624 480 2692 multum
503 2633 641 2694 exercuit
656 2629 842 2711 Barthium,
873 2628 1094 2719 Gronoviuur,
1116 2637 1207 2704 Bur-

152 2754 329 2811 mannum,
357 2726 628 2801 Wernsdorfium.
681 2731 784 2797 Huius
804 2747 918 2798 autem
938 2737 1199 2821 copiosisissimus

152 2853 183 2906 et
195 2832 482 2929 praestantissimus
495 2832 597 2903 labor.
638 2832 706 2915 En,
728 2837 841 2921 igitur,
862 2837 1043 2905 Excursum
1059 2840 1196 2913 Werns-

144 2939 233 3007 *durii
261 2937 303 3006 X.
340 2938 575 3003 accuratissime
605 2937 809 3024 descriptum:
852 2939 940 3023 „llic
978 2946 1197 3014 versatissimus

143 3037 246 3109 tutius
267 3041 436 3127 poematii,
460 3055 491 3106 et
506 3038 574 3105 fere
593 3039 791 3126 desperatus,
816 3040 903 3109 locus
918 3043 964 3109 ita
985 3044 1096 3116 ductm
1115 3053 1198 3116 viros

150 3145 305 3223 exercuit,
326 3156 379 3222 ut,
400 3157 479 3227 quot
498 3145 540 3208 ad
556 3150 631 3209 eum
646 3144 830 3209 accesserint
849 3145 1052 3232 interpretes,
1072 3164 1117 3217 tet
1131 3164 1194 3216 noss

140 3272 207 3322 soe,
221 3247 288 3313 cius
301 3245 495 3311 emendandi
509 3245 752 3333 explicandique
766 3246 879 3313 modos
891 3265 1033 3332 repertos
1054 3274 1121 3327 esse
1140 3257 1194 3319 vi-

141 3351 286 3423 deemus.
327 3349 366 3414 ln
388 3349 458 3414 loco
478 3348 649 3416 manifeste
672 3362 835 3435 corrupto',
864 3349 967 3435 qualis
988 3350 1044 3420 hic
1067 3373 1136 3439 est,
1163 3374 1195 3427 et

49 3484 51 3491 ·
142 3455 179 3523 in
197 3457 362 3541 scriptore,
395 3452 497 3538 qualis
518 3467 566 3519 eet
586 3451 816 3533 Nemesianus,
850 3453 906 3518 uhi
929 3454 1058 3525 nullum
1080 3481 1196 3529 emen-

139 3557 244 3627 dandi
259 3578 281 3622 a
300 3557 424 3641 scriptis
445 3571 475 3622 et
490 3558 617 3622 vetustis
637 3554 795 3622 codicibus
809 3556 967 3625 auxilium
980 3575 1044 3640 est,
1065 3562 1196 3633 infinite

135 3681 207 3727 nou
229 3659 325 3723 modu
353 3660 409 3727 sed
428 3661 534 3723 inanis
548 3680 678 3745 quoque
698 3671 729 3721 et
757 3659 874 3726 nullius
894 3683 967 3727 usus
987 3665 1192 3735 coniectandi

136 3761 292 3829 industrie
312 3762 451 3844 videtur,
477 3778 508 3827 et
529 3764 663 3828 intactus
682 3759 831 3845 potiusis
850 3764 938 3829 locus
959 3765 1191 3852 relinquendus

134 3881 197 3946 eet,
218 3865 282 3933 nisi
296 3866 378 3929 ratio
391 3867 525 3948 reperiri
542 3867 642 3953 possit
655 3865 830 3945 eiusmodi,
852 3888 936 3952 quae
948 3870 1096 3937 minima
1113 3894 1188 3940 cum

131 3965 306 4035 liturarum
324 3969 501 4038 mutatione
520 3971 685 4050 emendet,
714 3969 965 4056 planissimeque
980 3972 1182 4058 intelligatur

127 4067 198 4154 lpse
216 4093 315 4150 nunc,
342 4070 422 4159 quid
441 4067 621 4155 effecerim,
643 4093 810 4159 exponam.
854 4073 1185 4165 Facillimequiden
