2656 4884
105 535 190 623 ioput
211 543 306 603 exerit
326 522 473 619 ore'quid
493 532 556 597 sibi
573 532 664 612 velit,
686 531 756 617 ipse
775 529 891 595 viderit
902 526 989 613 apud
1012 527 1131 599 inferos

105 602 300 727 iurmannus.
343 638 449 703 Altera
477 634 660 722 explicatio,
694 655 757 719 qua
786 656 845 721 pro
871 636 949 698 orbe
975 647 1132 699 terrarum

105 730 236 832 'coepere
252 747 463 821 mirationem,
486 738 626 803 multum
642 736 683 803 ab
702 752 867 802 venustate
881 751 993 822 poetae
1012 737 1129 803 aliena.

105 844 138 913 'u
157 849 256 934 ipsius
276 845 347 910 solis
360 844 473 908 orbem
487 840 645 924 intellige,
665 845 721 924 qui
736 853 781 903 est
793 846 955 916 attonitus,
975 842 1130 925 quoniam

105 947 234 1017 estifera
257 948 442 1030 contagione
467 960 512 1007 est
532 957 638 1007 tactus.
679 941 803 1006 Phoebi
831 952 942 1008 autem·
969 959 1063 1028 eaput
1090 966 1130 1009 ex

105 1040 169 1121 Be
184 1075 219 1119 se
238 1053 353 1129 exerit,
372 1047 457 1134 quod
474 1045 593 1110 umbris
609 1044 772 1131 paullatim
786 1044 952 1111 obducitur
967 1060 999 1111 et
1015 1047 1056 1112 ab
1071 1066 1130 1111 ex-

105 1160 201 1227 rime
227 1167 352 1217 tantum
382 1166 427 1215 est
456 1164 544 1234 parte
566 1150 759 1234 conspicuus.
802 1148 894 1214 Idem
918 1147 1018 1214 hahes
1043 1150 1131 1233 apud

105 1258 201 1343 :rgii
222 1254 339 1338 Georg.
358 1255 383 1318 Ι.
413 1278 442 1320 v.
461 1252 555 1317 tta:
592 1254 689 1336 (Sol)
727 1255 776 1315 ubi
805 1266 975 1316 noscentem
1002 1255 1131 1353 maculis

105 1366 259 1425 :iuverit
284 1358 399 1433 ortum,
432 1359 577 1421 Conditus
600 1360 632 1418 in
654 1359 774 1435 nubem,
811 1360 964 1442 medioque
983 1355 1131 1443 refugerit

105 1664 126 1689 .,
162 1672 165 1677 .
190 1641 219 1684 v.
232 1614 303 1683 214.
321 1617 393 1681 215.
437 1613 604 1698 Quantum
620 1633 658 1675 ex
672 1625 867 1677 vetustarum
882 1614 1128 1682 annotationum

105 1718 273 1787 nfusime
289 1719 360 1785 elici
379 1733 495 1803 potest,
516 1716 665 1783 ordinem
684 1716 855 1780 verborum
874 1729 1022 1799 putarunt
1042 1717 1130 1783 hune

105 1846 172 1889 :et
193 1796 367 1899 seu''mitgis
385 1821 487 1903 (quum
501 1852 546 1865 —
560 1823 658 1901 quatit
657 1824 674 1897 )
694 1831 795 1881 aestus
815 1820 978 1880 inviscerat
1000 1842 1066 1884 ean.
1088 1824 1127 1886 bl.

105 1952 138 2007 ρ
154 1928 212 2006 (se.
229 1922 320 1987 letale
334 1922 485 2004 maium).
529 1921 628 1985 Porro
640 1924 695 1984 hoe
709 1921 751 1988 ad
763 1935 939 2004 corruptum
952 1925 1035 1986 sidus
1051 1922 1134 2007 Uiia¹

105 2050 147 2092 ts
168 2025 273 2092 refert
316 2023 359 2088 At
387 2025 448 2087 hoc
468 2022 580 2099 saltem
602 2023 644 2087 ad
666 2023 741 2087 solis
762 2024 1033 2107 obscurationem,
1062 2049 1135 2105 non,

105 2124 265 2193 .'Leonis
288 2143 410 2192 aestum
431 2126 573 2212 pertinet.
601 2124 766 2192 'Alterum
789 2140 896 2191 autem
917 2126 1015 2209 illud,
1043 2131 1130 2214 qnod

105 2226 217 2297 .·.·'insio
235 2231 405 2317 probatum
421 2238 486 2308 est,
508 2226 636 2314 pro'pier
650 2248 829 2315 pronomen
848 2232 920 2312 hoe,
941 2233 969 2295 si
984 2248 1057 2295 ettm
1078 2235 1127 2297 le-

105 2336 146 2401 !i
168 2337 251 2398 molo
274 2333 488 2416 coniungitur,
515 2329 721 2412 languidum,
738 2326 915 2414 putidum,
939 2336 1129 2419 prosaicum.

105 2436 155 2506 'ri'
173 2459 231 2501 nos
255 2437 297 2500 ad
319 2432 408 2499 Gret.
429 2456 458 2500 v.
480 2437 554 2499 228.
598 2433 686 2498 Mihi
706 2434 836 2519 quidem
857 2455 898 2525 ex
921 2451 1011 2521 parte
1034 2436 1130 2504 valde

105 2539 241 2623 aligeri
256 2539 435 2603 emendatio
450 2536 615 2623 probatur:
641 2539 694 2600 ios
703 2534 774 2601 'corn
787 2539 825 2602 tl.
842 2543 1001 2602 immiserit
1016 2555 1126 2608 aestus.

105 2634 137 2707 Ι’
155 2638 206 2723 fit,
231 2657 265 2706 ut
282 2641 455 2706 subiectum
477 2636 724 2724 grammaticum
739 2644 872 2706 Phoebus
891 2644 946 2724 sit,
975 2643 1060 2727 quod
1080 2658 1128 2710 est

105 2736 164 2809 'in
187 2745 221 2808 in
242 2749 349 2829 quatit.
391 2738 485 2808 HOC
501 2740 675 2827 antiquitus
695 2742 846 2828 scriptum
867 2758 933 2808 erat
953 2765 1012 2829 pro
1026 2743 1128 2814 HOS.

108 2848 152 2913 <i
167 2853 347 2920 inviscerat,
367 2844 455 2909 libris
469 2842 665 2927 vulgatum',·
680 2863 721 2907 ne
735 2842 838 2926 tange.
878 2844 990 2935 ¹ltaque
1007 2848 1127 2915 scribe:

105 2950 286 3039 ulceribus
316 2951 480 3011 inviscerat
502 2960 611 3011 otono.
661 2950 720 3011 Seu
746 2951 844 3026 magis
868 2962 914 3013 est
942 2972 994 3014 seu
1015 2958 1127 3037 potius,

135 3046 250 3115 Gratio
263 3073 292 3112 v.
308 3052 360 3113 90.
376 3048 450 3115 421.
493 3047 656 3113 Sententii
678 3048 759 3112 haec
778 3064 840 3115 est:
856 3050 923 3114 nbi
942 3054 988 3116 sol
1008 3055 1129 3119 arden-

105 3154 245 3219 ssitnum
269 3164 331 3230 est,
359 3149 627 3233 signnm'Leonio
648 3151 815 3233 ingressus.
856 3151 892 3216 ld
913 3156 998 3239 quod
1017 3158 1127 3223 medio

138 3274 250 3329 mense
265 3254 363 3335 Iulio,
385 3255 545 3321 veteribus
563 3256 631 3320 iam
645 3254 822 3320 auctoribus
835 3254 990 3339 Manilio,
1010 3258 1127 3341 Plinio,
1167 3312 1171 3319 .

105 3359 242 3438 mico,
269 3358 422 3440 Timaeo,
455 3359 544 3440 aliis,
573 3363 903 3442 quos-commemorat
925 3359 1058 3430 salmis.
1081 3364 1130 3428 ad*

105 3459 186 3524 blin.
203 3483 233 3544 p.
249 3460 321 3529 304.
335 3484 403 3547 sqq.
448 3464 618 3526 Gaudentio
639 3476 727 3542 tergo
747 3464 1043 3548 propt'erfetdorem
1054 3488 1123 3537 to·

105 3560 208 3647 Cart
221 3583 317 3650 snpra
335 3586 365 3631 v.
380 3568 455 3631 1et.·
472 3570 648 3647 condentem
661 3580 766 3630 veterra.
947 3612 950 3619 -
1185 3562 1188 3569 '

139 3758 143 3765 ·
189 3756 220 3801 v.
237 3733 311 3802 215.
355 3739 454 3822 Qrotm
474 3738 830 3829 quatit..=.1tiertt„¹qteod
847 3738 990 3829 Senecae
1009 3746 1125 3829 premit

105 3839 171 3909 ed.
200 3862 226 3902 v.
250 3840 302 3902 40.
346 3836 411 3908 etr.
433 3842 531 3908 ovio
554 3840 624 3924 Αῃ.
645 3830 777 3937 ispe:
807 3846 879 3907 eum
904 3847 953 3908 ³01
979 3847 1125 3910 nannet

105 3966 176 4027 rga
196 3943 292 4007 leonis
311 3945 413 4019 adit]
432 3943 617 4027 Iohnset
631 3945 819 4035 Weffsd.
863 3951 971 4033 Quotit
993 3961 1068 4037 poto
1081 3949 1123 4012 ob

105 4043 179 4141 bas
207 4043 350 4131 leoninos
375 4045 511 4129 ioum,
555 4050 741 4127 loeiscmt,
761 4044 919 4127 'immittit
944 4049 1123 4134 visceribus,
