2686 4928
146 312 235 367 xm

49 566 52 570 ,
147 495 191 571 rit
213 515 350 571 necesse
377 509 437 564 est
487 487 560 562 Sed
581 486 643 564 iste
667 487 809 584 quidem
828 517 925 566 error
943 513 1044 571 natus
1073 517 1193 575 estex

147 625 340 719 corruptela
358 619 516 697 editionis
531 621 724 696 Parmensis
738 624 905 724 Ugoletti,
928 626 1076 722 Battltii,
1100 629 1130 703 F
1130 633 1192 709 lo-

147 760 297 837 rentinae
310 754 484 833 secundae
499 780 582 828 cum
597 780 721 828 comm
737 756 808 831 Tit
821 785 851 831 a
864 772 988 853 1590,
1011 760 1190 858 inquibus

146 893 258 996 prima
274 892 392 991 ecloga
402 883 581 981 Calpurnii
592 885 753 981 inscripta
766 910 831 962 est:
855 894 912 963 od
922 896 1191 972 Nemesianum
1226 898 1228 903 ⁴

150 1025 509 1122 Carthaginiemern.
559 1015 657 1092 Haec
674 1041 756 1094 sunt
775 1043 936 1118 connpta
956 1044 990 1098 et
1006 1023 1050 1096 ab
1068 1052 1190 1124 gram-

144 1157 271 1236 matico
293 1156 438 1230 inventa.
486 1147 612 1225 Ulitius
634 1152 805 1247 reposuit:
837 1158 894 1228 act
912 1159 1190 1234 Numerianum

149 1298 358 1368 Caesarem
407 1283 579 1361 Effectum
603 1303 718 1376 tamen
741 1283 806 1359 ista
831 1307 882 1362 est
903 1291 1115 1385 corruptela,
1149 1312 1190 1365 ut

145 1426 212 1499 sub
234 1416 398 1497 Meliboei
419 1414 561 1491 nomine
581 1416 672 1490 falso
696 1417 892 1494 caederetur
914 1419 1100 1524 Olympius
1120 1423 1189 1499 de-

143 1558 304 1636 litescere
354 1549 427 1625 Sed
450 1548 514 1622 ista
539 1545 749 1624 cuicuimodi
774 1572 875 1645 sunt,
917 1551 1043 1655 insigni
1072 1555 1187 1650 poesis

142 1689 247 1772 laude
259 1682 378 1761 floruit
391 1678 619 1758 Nemesianus
640 1702 753 1781 poeta.
808 1687 986 1759 Omnibus
1007 1691 1107 1760 euim
1129 1714 1188 1760 co·

142 1827 247 1902 roais
271 1820 483 1895 illustratus
509 1817 677 1903 emicuit,
709 1812 823 1911 inquit
845 1816 1018 1919 Vopiscus
1036 1819 1118 1912 tt,
1144 1839 1185 1894 ut

142 1978 232 2035 recte
267 1946 427 2027 emendat
462 1945 690 2022 Casaubonus
716 1974 782 2043 pro
821 1952 989 2025 omullus
1024 1954 1184 2025 coloniis.

141 2091 237 2168 Usus
250 2103 302 2159 est
321 2101 436 2154 autem
451 2076 531 2151 Cari
544 2098 578 2152 et
594 2076 797 2153 Numeriani
813 2078 1060 2175 imperatorem
1078 2081 1187 2182 gratia

141 2242 175 2298 et
194 2209 416 2294 familiarium
436 2208 617 2310 singulari,
647 2237 754 2307 quem
767 2212 939 2288 honorem
958 2242 1031 2289 non
1044 2212 1187 2312 ingenio

140 2356 275 2441 solum,
297 2345 359 2420 sed
378 2341 531 2441 dignitati
546 2342 647 2415 etiam
665 2370 686 2415 a
705 2344 874 2420 natalibus
890 2347 1032 2422 tradunt
1045 2367 1186 2448 poetam

142 2480 310 2558 debuisse.
369 2472 466 2560 Quid
494 2471 593 2565 quod
616 2469 722 2545 Ianus
751 2473 887 2548 Ulitius'
909 2477 1053 2553 coniecit
1080 2506 1184 2552 com.

140 2632 244 2688 ment
270 2607 316 2682 ad
340 2604 388 2679 tit
411 2604 540 2707 Cyneg.
565 2599 722 2697 Nemes,
761 2606 975 2705 cognationis
1003 2608 1180 2685 vinculum

141 2738 347 2849 Olympium
360 2736 448 2814 inter
465 2762 507 2811 ac
522 2735 681 2811 Caesares
700 2735 823 2832 fuisse,
853 2738 935 2836 quia
955 2742 1065 2816 Carus
1086 2743 1184 2819 eius-

140 2905 211 2975 que
224 2872 287 2949 filii
300 2869 430 2968 passim
440 2867 477 2942 in
495 2867 729 2944 monumentis
743 2875 873 2946 Marci
884 2877 1036 2949 Aurelii
1049 2902 1183 2951 vocen-

139 3035 207 3087 tur.
255 3007 337 3081 Erat
347 3024 463 3078 autem
482 3022 572 3077 aetas
586 3000 742 3106 Olympii
756 3004 995 3080 certaminibus
1006 3006 1078 3080 istis
1091 3034 1182 3100 poe-

140 3166 255 3219 tarum
279 3135 441 3236 insignit,
481 3161 571 3229 quae
597 3137 755 3231 exemplo
781 3145 954 3226 ἐπιδείξεων
976 3145 1031 3218 vel
1052 3143 1181 3230 draicote

141 3278 357 3350 Graecorum
378 3269 537 3341 amabant
550 3265 716 3365 Romani,
743 3298 900 3375 quaeque
919 3272 1068 3373 Augusti
1088 3294 1180 3348 tem-

140 3436 228 3509 pore
249 3401 348 3505 apud
362 3401 483 3477 aedem
500 3397 672 3494 Apollinis
692 3403 837 3479 Palatini
855 3407 1078 3479 habebantur.
1126 3405 1192 3480 lbi·

140 3537 267 3614 scilicet
281 3534 486 3629 apparebant
496 3553 618 3628 poetae
629 3562 758 3634 magno
773 3559 954 3632 apparatu,
977 3536 1050 3632 loti,
1075 3538 1180 3630 uncti,

140 3667 238 3768 pexi,
265 3665 380 3759 nitidi,
400 3665 499 3741 novis
512 3668 661 3744 vestibus
672 3666 803 3760 induti,
830 3697 966 3768 gemma
981 3674 1181 3764 annuloque

141 3798 252 3878 ornati
276 3796 356 3896 (vid
380 3799 472 3876 Pers.
493 3807 561 3878 Sat
583 3801 609 3875 l.
634 3830 665 3876 v.
689 3802 779 3899 tt),
811 3801 986 3880 recitantes
1011 3830 1074 3876 sna
1099 3830 1179 3876 car-

143 3937 236 4014 mina
250 3959 367 4009 coram
380 3931 550 4015 iudicibus
563 3933 705 4029 selectis,
719 3933 764 4009 ad
777 3963 877 4036 quos,
892 3934 1043 4040 quasiad
1056 3961 1179 4011 emen-
