2686 4928
483 343 833 420 *166⁴-

241 566 269 607 v.
288 543 362 612 516.
407 549 565 627 Murcibt'i,
594 567 712 611 nomen
730 568 857 632 prorsus
870 545 1076 629 incognitum.
1117 547 1188 614 De-

139 644 221 710 rivat
250 647 355 713 Titius
383 673 402 714 a
430 653 568 733 Murcia,
606 653 779 735 Hispaniae
807 654 944 732 regione.
994 655 1145 716 Murcinii
1172 678 1189 720 a

143 752 393 835 Modpmuoe'vel
415 757 560 834 Myrcinii
580 776 599 817 a
622 757 817 839 Μύρκιννος,
852 776 933 837 quae
957 755 1125 841 Stephano
1147 773 1189 823 est

145 856 235 928 πόλις
261 861 425 929 κτισθεῖσα
444 851 531 940 παρὰ
557 865 603 944 τῷ
623 862 781 944 Στρύμονι
810 865 957 945 ποταμῷ,
1000 859 1124 925 Ulitius
1143 862 1189 926 se—

146 957 198 1021 cit.
242 960 395 1023 Marrubii
417 963 550 1025 coniecit
572 963 684 1024 Burm.
726 967 864 1034 tenacia,
899 962 929 1025 h.
959 983 985 1026 e.
1015 966 1189 1049 pertinacia

147 1075 178 1124 et
193 1059 378 1126 reluctantia
394 1085 430 1126 ex
446 1062 567 1129 Ovidio
580 1062 652 1127 Arn.
668 1065 740 1144 tlt,
763 1065 809 1142 4.,
829 1069 876 1127 13.
889 1065 1025 1148 explicat
1039 1066 1187 1132 Wernsd·

73 1185 75 1192 ·
146 1163 216 1228 lllic
234 1180 294 1230 est:
317 1188 419 1250 equum
434 1180 543 1229 contra
555 1191 610 1231 suu
621 1170 724 1231 vinela
737 1181 880 1234 tenacem.

251 1341 280 1381 v.
303 1318 377 1385 517.
426 1320 595 1388 Lacunam
628 1324 743 1388 codicis
770 1319 1006 1405 Langobardici
1037 1326 1193 1412 supplevit

148 1420 285 1501 Ulitius,
306 1421 478 1490 Lucanum
491 1440 615 1491 secutus
631 1427 706 1505 lv„
729 1430 821 1491 682:

297 1580 339 1595 -
361 1549 440 1629 nudo
465 1549 596 1611 residens
615 1546 764 1626 Massylia
786 1549 897 1630 dorso⁴

256 1650 323 1714 Ora
344 1650 406 1711 levi
427 1651 528 1732 flectit
543 1649 704 1736 frenorum
724 1655 824 1713 nescia
844 1653 944 1727 uirga.

151 1776 302 1846 Heinsius
324 1781 426 1867 legere
448 1783 581 1849 maluit:

378 1935 422 1948 -
442 1918 479 1966 at
499 1917 568 1967 tota
589 1906 650 1968 levi
670 1904 860 1968 Nasamones
880 1903 1022 1975 habenae,

157 2037 191 2086 ut
209 2041 227 2086 e
243 2019 402 2107 prioribus
420 2036 593 2105 repetatur:
617 2027 783 2085 concedant
803 2043 868 2084 ora.
913 2018 956 2082 At
977 2019 1024 2083 ita
1041 2027 1208 2106 sequentia

159 2126 274 2190 verba:
294 2124 392 2208 fingit
413 2146 500 2208 equos
519 2126 777 2210 interpretatione
798 2138 913 2188 carent.
958 2122 1112 2221 Afrorum
1135 2131 1207 2212 equi

158 2229 262 2310 ignari
282 2227 409 2290 fuerunt
427 2226 583 2294 habenae.
628 2228 741 2311 Virgil.
760 2226 843 2290 Aen.
865 2226 938 2305 lv.,
961 2230 1015 2291 41.
1057 2227 1134 2297 Ubit.
1159 2232 1202 2293 ad

161 2331 289 2396 Nemes.
312 2327 390 2416 Cyn.
405 2355 434 2397 v.
447 2331 537 2416 264„
558 2351 656 2418 quem
672 2347 775 2396 totum
791 2329 910 2396 confer.
953 2331 1075 2397 Mavult
1092 2347 1203 2398 nmen

160 2433 363 2499 Burmannus
373 2457 380 2496 ε

332 2589 375 2602 -
398 2566 432 2614 at
446 2567 515 2616 tota
537 2555 598 2616 levi
614 2554 802 2618 Nasamones
823 2556 954 2617 habenae

268 2661 371 2739 Fingit
395 2680 481 2740 equos
503 2662 592 2722 Pisae
606 2657 760 2722 Numidae
779 2661 917 2721 sollertia
935 2660 1039 2722 nudos.

167 2790 262 2874 Quod
278 2794 365 2857 enim
381 2791 517 2859 inlibris
531 2792 624 2877 vulgo
639 2807 701 2859 est:
720 2796 835 2857 solvere
856 2799 894 2856 e'u
900 2796 969 2871 gal
973 2814 1027 2868 es,
1054 2789 1152 2855 nihili
1166 2789 1217 2857 sa-

168 2895 328 2960 ciendum.
372 2890 523 2961 Ceterum
540 2894 709 2974 Lucanum
731 2896 823 2961 affert
835 2895 1041 2959 Burmannus
1057 2894 1128 2971 lv„
1145 2898 1216 2960 682.

170 3014 204 3062 ut
219 3014 424 3078 monstraret,
451 3000 556 3078 nudo,
581 3021 647 3060 non
664 3000 795 3063 instrato
812 2999 903 3061 dorso
921 2997 1076 3062 insedisse
1097 2997 1216 3063 Numi-

170 3102 236 3168 das.
280 3102 502 3168 Coniecturam
521 3101 663 3187 proferre
677 3117 796 3168 certam
810 3102 879 3186 quis
895 3102 1032 3166 audeat?

275 3294 304 3338 v.
318 3277 390 3338 518.
433 3281 680 3358 eentumspatiis,
708 3273 929 3360 ὑπερβολικῶς,
948 3290 982 3338 ut
996 3273 1085 3356 Virg.
1101 3271 1146 3340 G.
1156 3273 1217 3353 Ill„

176 3379 225 3444 18.
237 3377 418 3440 eluctabitur
432 3381 521 3451 iram,
539 3376 570 3440 h.
584 3378 732 3441 ardorem
748 3394 844 3460 atque
859 3379 1087 3460 incitationem,
1106 3403 1221 3464 quam-

153 3563 155 3568 !
175 3480 223 3542 vis
238 3500 408 3562 magnam,
432 3480 567 3564 perferet
579 3496 609 3543 et
624 3481 810 3565 superabit]
828 3481 1015 3548 Wernsd.
1057 3481 1124 3547 cfr.
1137 3487 1221 3551 ott.

178 3578 280 3646 Affert
293 3584 497 3649 Burmannus
518 3583 657 3648 Statium
671 3583 785 3649 Achill.
803 3607 832 3645 v.
846 3582 937 3650 tet:

323 3720 447 3780 tandem
456 3717 540 3801 sessa
553 3731 682 3782 tremens
696 3722 794 3799 longis
810 3723 968 3797 mugitibus
983 3743 1041 3782 ora

325 3822 424 3883 Solvit
439 3835 468 3883 et
484 3826 653 3905 oppositum
668 3845 728 3888 nom
744 3825 879 3887 eluctata
887 3822 1039 3911 furorem.

284 4011 314 4056 u.
332 3987 405 4055 521.
449 3991 513 4059 Nee
544 4001 648 4076 magni
670 3998 775 4060 cultus.
818 3992 925 4060 Parvo
946 3995 1145 4074 nutriuntur,
1177 3990 1222 4058 rel

182 4117 246 4164 non
270 4095 414 4181 indigent
441 4095 542 4162 multo
568 4100 674 4166 studio
690 4113 730 4192 'et
752 4103 854 4186 cura]
877 4098 1021 4168 Titius.
1065 4096 1223 4164 Fortuita
