2686 4928
263 493 448 571 Hactenus
471 492 518 569 de
539 489 608 569 vita
626 492 735 570 Grati
755 515 790 571 et
810 497 1037 597 carminibus,
1070 531 1161 600 quae
1182 532 1216 585 et

169 627 275 723 qualia
298 628 475 704 videretur
490 647 550 700 ant
567 655 641 701 non
656 626 827 705 rideretur
841 631 1032 731 scripsisse,
1053 635 1213 717 vidimus,

165 761 236 843 lam
249 788 356 856 vero,
382 761 420 834 in
441 787 515 854 quo
536 787 674 837 ommno
693 759 801 837 huius
819 765 1038 865 pmesationis
1052 769 1213 869 norman,

169 891 543 994 qnah'sillapoetasit,
572 891 832 970 eradicendum.
882 897 924 975 ln
943 926 983 974 ea
1003 904 1212 997 mquamuo

163 1025 286 1103 imnum
308 1023 458 1102 efficitur
479 1022 653 1120 liparam
675 1049 835 1128 quaeest
855 1051 890 1104 et
909 1031 956 1107 de
970 1032 1110 1108 materia
1131 1063 1211 1112 car-

164 1153 721 1257 miniaetdegencmdioendi,
759 1161 1212 1262 quemnilumpoetaeet

170 1305 341 1386 χαρακτῆρι
361 1309 497 1366 vocant.
546 1287 604 1362 Ac
631 1286 842 1368 didaoicnm
869 1321 1007 1374 carmen
1036 1301 1140 1394 quale
1165 1297 1210 1374 rit

171 1425 244 1500 etis
261 1444 398 1501 constat
408 1421 498 1497 inter
511 1417 674 1512 eruditos.
725 1422 856 1524 Magna
876 1450 927 1503 ert
947 1451 1063 1505 autem
1081 1430 1119 1504 in
1138 1431 1211 1509 hoe

161 1585 288 1660 gerere
315 1555 404 1633 inter
428 1575 556 1630 veteres
581 1573 700 1646 poetas
727 1553 960 1655 ἀὶεωηραηῑία.
1017 1561 1093 1636 Aut
1116 1560 1209 1637 enim

140 1685 460 1786 noquievmmmn
480 1713 598 1759 rerum
617 1685 663 1765 ad
677 1685 763 1776 ‚ntis
785 1689 976 1766 doctrinam
998 1693 1210 1768 necessaria-

160 1852 248 1899 rum
261 1817 532 1910 enumeratione,
555 1844 683 1912 eosque
698 1840 888 1896 metrorum
901 1823 1041 1897 vinculo
1054 1824 1100 1897 ad
1118 1851 1209 1917 poe-

168 1955 219 2029 tis
241 1953 401 2026 colorem
422 1969 638 2044 ornatumque
659 1949 859 2050 alligarem
884 1973 959 2046 aut,
984 1954 1085 2056 quod
1104 1980 1211 2049 prae-

165 2081 452 2163 stantissimorum
472 2081 652 2176 proprium
674 2082 832 2160 videmus
854 2113 947 2178 esse,
977 2114 1221 2190 quaecunque·
1277 2097 1279 2101 ’

160 2215 421 2308 describuntur,
452 2241 557 2309 supra
587 2241 674 2287 usus
699 2214 891 2309 quotidiani
920 2216 1102 2293 exilitatem
1129 2215 1209 2292 artic

160 2355 236 2451 loge
258 2347 414 2444 qrradam
437 2345 562 2421 altioris
595 2349 814 2424 extolluntur.
866 2345 985 2435 Quam
1006 2346 1149 2442 quidem
1171 2346 1208 2421 in

170 2510 209 2558 eo
222 2480 391 2556 verrimus
407 2499 533 2572 anem,
558 2502 614 2575 ut,
639 2506 868 2576 quaecunque
883 2477 1053 2554 didactico
1071 2476 1108 2552 in
1126 2502 1209 2555 car-

163 2611 354 2690 ninevitae
371 2632 453 2685 sunt
465 2610 634 2712 vulgaris,
659 2640 700 2688 oa
713 2611 875 2689 divinitus
888 2631 1015 2685 etnam
1029 2610 1209 2688 videantur

164 2767 194 2820 et
210 2741 446 2819 administrata
464 2773 538 2819 esse
553 2766 664 2847 utque
683 2743 806 2821 divinis
823 2743 859 2816 in
874 2745 978 2818 rebus
993 2740 1208 2818 domicilium

164 2876 346 2980 proprium
365 2905 472 2953 enum
492 2878 619 2952 habere
640 2875 827 2952 videantur.
876 2874 971 2949 lllud
992 2900 1074 2949 vero
1095 2874 1207 2947 artifi-

165 3010 273 3103 cium,
298 3007 361 3084 etsi
378 3036 451 3085 non
465 3009 710 3108 excogitatum,
736 3028 876 3083 atcerte
895 3003 1089 3079 adhibitum
1109 3001 1206 3105 opti-

163 3142 224 3215 mis
245 3145 291 3215 ab
312 3142 553 3217 Romanorum
574 3141 683 3244 poetis
704 3161 773 3239 est,
802 3139 940 3238 (eorum
953 3134 1046 3213 enim
1061 3135 1207 3213 sufficiat

162 3273 470 3374 commemoratio).
527 3275 647 3371 ltaque
676 3272 809 3375 Virgilii
839 3273 898 3347 illa
929 3271 1100 3373 Georgica
1133 3296 1206 3363 non
1265 3265 1268 3270 ’

162 3427 339 3500 tamqnam
361 3406 565 3482 nnticarum
580 3437 696 3483 rerum
717 3407 932 3503 disciplinam
950 3404 1118 3505 aliquam,
1142 3401 1205 3476 sed

161 3558 201 3611 ut
220 3536 365 3613 liberam
392 3539 471 3613 anis
493 3562 527 3616 et
552 3537 680 3638 ingenii
709 3537 940 3613 inventionem
966 3535 1083 3612 divino
1105 3519 1204 3629 qumi

159 3673 258 3745 fonte
289 3694 551 3769 promanantem
582 3669 799 3746 admiramur.
850 3669 923 3742 Iarn
955 3695 1036 3743 vero
1064 3663 1202 3738 Gratius

160 3830 269 3896 quam
284 3802 425 3879 feliciter
445 3818 518 3879 non
537 3803 645 3878 modo
668 3802 889 3895 attentaverit,
914 3801 976 3875 sed
990 3800 1091 3876 etiam
1105 3821 1203 3870 asse-

159 3956 292 4030 quutus
308 3935 351 4011 sit
364 3935 519 4012 Maronis
540 3936 697 4032 laudent,
722 3935 890 4012 anentine
905 3935 1088 4029 hucusque
1103 3925 1203 4004 video
