2686 4928
494 371 844 453 *liii-

139 582 285 651 cernitnr'
294 573 526 667 quodquenon
540 578 705 660 vanitatis,
727 577 784 644 sed
799 573 971 662 relligionis
984 573 1195 664 videtur'ple·

136 710 221 772 num
236 705 318 752 esse.
357 681 437 753 ,Utri
452 683 597 754 addictos
618 683 715 748 suerit
730 678 877 763 Gratius,
911 694 1024 768 sponte
1043 679 1196 764 intelligi-

140 808 205 873 tur,
232 789 424 873 inquo-etsi
438 789 494 873 pia
510 787 667 874 plenaque
689 785 826 853 deorum
840 785 967 865 omnia,
996 784 1122 850 nullom
1144 798 1196 848 ta-

142 915 231 962 men.
245 890 372 960 anilem
400 889 544 956 invenies
572 905 706 967 metum.
751 889 863 974 ltaque
888 890 1047 975 sapienter
1068 888 1198 974 pristini
1226 870 1252 891 ”

147 998 213 1062 aeri
232 988 422 1083 medioa'in
448 1007 519 1057 arte
537 993 774 1079 simplicitatem
789 993 899 1057 laudat
912 992 1052 1059 versibus
1071 997 1199 1058 399.-

135 1099 216 1167 tot.
238 1097 432 1165 Delevimus
444 1097 734 1181 interpunctionem
750 1097 791 1160 ab
799 1094 1025 1162 Wernsdorlio
1039 1110 1109 1181 post
1123 1097 1199 1164 tot.

144 1203 325 1268 inductam.
369 1196 459 1266 Turn
484 1221 577 1265 versu
600 1199 772 1266 399.sa1s0
799 1215 949 1287 putamus
976 1201 1018 1269 ab
1048 1199 1199 1265 omnibus

148 1312 221 1374 nevi
241 1304 463 1371 commendari
492 1305 698 1390 scripturam,
731 1324 791 1368 nec
813 1318 902 1370 tanta
923 1318 970 1371 est
991 1304 1200 1377 librariorum

151 1408 240 1496 apud
258 1407 418 1492 Ovidium
439 1393 606 1473 auctoritas
631 1403 699 1471 Art.
721 1406 973 1489 A.111.,657.‚
999 1408 1055 1473 ubi
1077 1411 1199 1490 longum

152 1516 339 1588 redimendus
366 1516 398 1574 in
431 1534 539 1576 nevum
577 1512 691 1596 optimi
725 1510 799 1574 libri
835 1512 1004 1597 praebent,
1043 1528 1079 1591 ut
1107 1535 1201 1599 sper-

149 1616 272 1683 nendus
289 1615 479 1679 Burmanno
500 1615 610 1680 suimet
628 1613 749 1680 Ulitius
770 1616 932 1681 verissime
957 1638 1095 1682 monens
1120 1621 1201 1682 diem

145 1720 247 1786 atim
265 1736 363 1802 saepe
376 1739 397 1782 a
409 1719 509 1804 poetis
528 1717 594 1781 dici
607 1739 665 1802 pro
685 1738 764 1782 aevo
779 1732 810 1781 et
823 1733 978 1802 tempore.
1022 1719 1088 1783 Sed
1107 1722 1203 1804 plane

144 1823 280 1891 nntlnm
293 1824 339 1887 est
354 1836 597 1905 argumentum,
621 1820 707 1904 quod
730 1819 851 1885 Ouidio
872 1816 941 1884 Art.
965 1819 1005 1899 l.,
1027 1821 1103 1886 241.
1121 1822 1203 1905 legi-

148 1941 226 1994 tur:
252 1948 326 1991 aeuo
339 1930 501 1990 rarissima
513 1938 616 1990 nostro
630 1925 821 2006 simplicitas.
864 1920 1022 1986 Adhibuit
1043 1945 1102 2008 pro
1125 1948 1203 1992 aevo

150 2053 270 2120 annm
294 2028 433 2114 Propert.
462 2027 534 2110 lV.,
563 2030 594 2094 6.
622 2051 652 2093 ν.
675 2026 729 2093 67.
758 2048 900 2111 quocum
922 2025 1066 2096 conseras
1089 2028 1204 2113 Virgil.

150 2135 236 2203 Aen.
258 2132 317 2215 lt,
340 2136 416 2200 638.
459 2126 655 2195 Constructio
680 2147 786 2196 autem
806 2133 852 2195 ita
869 2153 904 2199 se
925 2131 1038 2214 habet,
1066 2157 1126 2199 non
1146 2137 1205 2199 illa

147 2244 267 2309 solatia
286 2251 443 2321 tamquam
456 2237 573 2298 solatia
587 2234 667 2318 falsi
686 2248 780 2298 metus
793 2247 860 2296 tom
875 2236 998 2313 longam
1012 2250 1054 2301 tr.
1062 2238 1107 2320 fi,
1130 2237 1162 2306 lt.
1177 2261 1204 2304 e.

148 2367 217 2410 non
229 2342 287 2408 illa
299 2339 444 2405 remedia
460 2337 540 2402 falso
558 2336 598 2401 ab
614 2351 700 2401 metu
716 2351 770 2400 aut
783 2356 867 2400 vana
880 2335 1045 2418 relligione
1058 2339 1206 2406 Deorum

156 2461 228 2515 sont
236 2446 384 2510 inventa:
394 2468 396 2473 ⁴
407 2441 486 2506 alias
500 2441 571 2505 fieri
587 2462 651 2504 non
668 2440 834 2526 potuisset,
863 2453 897 2503 ut
914 2454 986 2512 tam-
1003 2438 1098 2525 longo
1120 2457 1206 2507 tern-

156 2569 232 2637 pore
248 2547 352 2612 fidem
368 2543 533 2610 baberent.
577 2544 794 2618 ltaWernsd,
837 2540 1015 2625 Ceterum,
1029 2545 1113 2628 quod
1128 2552 1207 2611 sim-

153 2657 264 2742 plicem
287 2674 400 2715 annum
423 2650 464 2717 de
493 2669 667 2735 puerorum
687 2663 791 2714 aetate
813 2647 1021 2714 Burmannus
1041 2650 1208 2732 intellexit,

151 2757 278 2847 puerile
291 2774 326 2819 re
341 2773 417 2818 vera
432 2767 496 2818 est·
529 2757 653 2817 trabere
669 2750 804 2814 verbum
824 2752 863 2816 de
876 2755 1071 2837 producendo
1086 2756 1207 2836 longum

152 2887 214 2953 per
226 2864 360 2947 spatium
377 2856 498 2920 dicitur.
542 2854 614 2922 Val.
628 2853 732 2918 Flaco
744 2852 787 2931 t,
807 2851 882 2920 764.
902 2856 1005 2918 attulit
1016 2853 1129 2922 Burm.

259 3001 291 3044 v.
307 2975 382 3042 402.
425 2978 609 3059 Colloribus,
632 2973 666 3037 id
680 2989 726 3038 est
739 2974 865 3056 cingulo
880 2975 963 3041 circa
980 2973 1096 3039 collum
1111 2977 1209 3054 canis,

107 3099 112 3109 '
160 3085 297 3150 excorio
310 3073 417 3159 firmo,
437 3096 471 3143 ut
485 3079 742 3145 describitVarro
758 3076 1003 3145 rettulisti.
1017 3083 1099 3160 c.9.,
1119 3078 1210 3147 idem
1299 3159 1301 3162 Α

155 3187 244 3254 in‘sul
257 3185 347 3251 iubet
361 3182 478 3269 pellem
493 3182 637 3247 mollem.
682 3182 766 3245 Huic
779 3182 853 3244 usui
870 3182 967 3266 igitur
980 3181 1097 3269 pellem
1112 3182 1211 3247 meli-

156 3313 259 3371 nam,
295 3309 315 3353 e
342 3307 408 3371 qua
431 3299 462 3350 et
485 3284 589 3368 galeas
611 3284 672 3348 sibi
700 3281 909 3351 conficiebant
929 3296 1098 3353 'venatores
1129 3286 1210 3366 (vid.

156 3416 186 3462 v.
201 3391 313 3476 340),
333 3389 504 3478 praecipue
524 3387 706 3452 adhibitam
730 3387 896 3475 probabile
918 3404 972 3454 est.
1015 3390 1103 3456 Nam
1126 3389 1212 3474 apud

157 3496 344 3562 Varronem
372 3494 406 3555 in
433 3491 568 3574 vulgatis
601 3492 731 3575 legitur:
774 3492 923 3573 collario,
958 3515 1035 3578 quoe
1061 3506 1212 3558 vocantur

160 3601 315 3665 maelium
358 3595 420 3659 Hic
440 3616 515 3660 vero
531 3597 615 3681 apud
631 3592 782 3663 Gratium
799 3614 839 3656 an
864 3599 975 3658 cristae
995 3597 1081 3661 melis
1099 3613 1213 3670 notere

159 3704 284 3791 possint
305 3701 371 3765 eius
391 3698 525 3784 pellem,
556 3715 591 3764 ut
608 3715 744 3763 statuere
765 3695 1046 3781 Ulitius‘videtur,
1078 3704 1212 3786 (quam-

162 3829 266 3894 quam
279 3803 385 3868 nullus
398 3805 610 3886 interpretum
632 3803 666 3865 id
687 3799 832 3864 vocabuli
846 3799 918 3866 satis
933 3803 1089 3888 explicare
1102 3804 1213 3884 audet)

164 3909 284 3977 merito
305 3904 424 3970 dubito.
469 3905 524 3969 Ob
546 3903 709 3968 difficilem
731 3902 922 3987 explicatum
937 3907 1004 3970 eius
1022 3906 1107 3968 vocis
1127 3906 1213 3970 Bur-

166 4032 304 4079 mannus
324 4022 438 4085 tentat,
466 4029 508 4070 an
524 4009 584 4092 legi
594 4009 697 4092 'possit
717 4018 816 4070 obstas
835 4028 893 4092 pro
915 4010 1050 4085 exuuiis3
1074 4008 1214 4094 Scaliger

171 4129 280 4183 autem
295 4127 412 4179 mustos
426 4111 547 4178 maluit.
590 4113 655 4177 Sed
677 4127 708 4177 et
728 4110 810 4177 istud
828 4109 1019 4177 vocabulum
1036 4114 1087 4177 vix
1106 4113 1214 4201 aliquo
