<?xml version="1.0" encoding="UTF-8"?>
<!DOCTYPE html PUBLIC "-//W3C//DTD XHTML 1.0 Transitional//EN"
    "http://www.w3.org/TR/xhtml1/DTD/xhtml1-transitional.dtd">
<html xmlns="http://www.w3.org/1999/xhtml" xml:lang="en" lang="en">
 <head>
  <title>
</title>
<meta http-equiv="Content-Type" content="text/html;charset=utf-8" />
  <meta name='ocr-system' content='tesseract 3.04.00' />
  <meta name='ocr-capabilities' content='ocr_page ocr_carea ocr_par ocr_line ocrx_word'/>
</head>
<body>
  <div class='ocr_page' id='page_1' title='image "./gratiifalisciet00stergoog_0153.png"; bbox 0 0 2686 4928; ppageno 0'>
   <div class='ocr_carea' id='block_1_1' title="bbox 491 366 840 443">
    <p class='ocr_par' dir='ltr' id='par_1_1' title="bbox 491 366 840 443">
     <span class='ocr_line' id='line_1_1' title="bbox 491 366 840 443; baseline 0.003 -1"><span class='ocrx_word' id='word_1_1' title='bbox 491 366 840 443; x_wconf 79' lang='lat'>-114--</span> 
     </span>
    </p>
   </div>
   <div class='ocr_carea' id='block_1_2' title="bbox 138 565 1241 1792">
    <p class='ocr_par' dir='ltr' id='par_1_2' title="bbox 138 565 1241 1792">
     <span class='ocr_line' id='line_1_2' title="bbox 142 565 1207 658; baseline -0.008 -19"><span class='ocrx_word' id='word_1_2' title='bbox 142 598 191 643; x_wconf 75' lang='lat' dir='ltr'><strong>ras</strong></span> <span class='ocrx_word' id='word_1_3' title='bbox 202 582 362 658; x_wconf 77' lang='lat' dir='ltr'><strong>praestant</strong></span> <span class='ocrx_word' id='word_1_4' title='bbox 375 567 519 652; x_wconf 49' lang='lat' dir='ltr'><strong>(catulrb,</strong></span> <span class='ocrx_word' id='word_1_5' title='bbox 540 572 592 649; x_wconf 77' lang='lat' dir='ltr'><strong>qui</strong></span> <span class='ocrx_word' id='word_1_6' title='bbox 605 565 725 653; x_wconf 69' lang='lat' dir='ltr'><strong>fratres</strong></span> <span class='ocrx_word' id='word_1_7' title='bbox 745 590 814 633; x_wconf 85' lang='lat' dir='ltr'><strong>suos</strong></span> <span class='ocrx_word' id='word_1_8' title='bbox 826 570 961 653; x_wconf 77' lang='lat' dir='ltr'><strong>pondera</strong></span> <span class='ocrx_word' id='word_1_9' title='bbox 975 569 1146 645; x_wconf 64' lang='lat' dir='ltr'><strong>dducam,</strong></span> <span class='ocrx_word' id='word_1_10' title='bbox 1169 572 1207 631; x_wconf 80' lang='lat' dir='ltr'><strong>id</strong></span> 
     </span>
     <span class='ocr_line' id='line_1_3' title="bbox 139 670 1205 755; baseline -0.002 -16"><span class='ocrx_word' id='word_1_11' title='bbox 139 693 194 754; x_wconf 73' lang='lat' dir='ltr'><strong>m,</strong></span> <span class='ocrx_word' id='word_1_12' title='bbox 208 683 364 739; x_wconf 60' lang='lat' dir='ltr'><strong>vincunt·</strong></span> <span class='ocrx_word' id='word_1_13' title='bbox 394 672 558 735; x_wconf 85' lang='lat' dir='ltr'><strong>Vitiosum</strong></span> <span class='ocrx_word' id='word_1_14' title='bbox 572 672 670 735; x_wconf 87' lang='lat' dir='ltr'><strong>etiam</strong></span> <span class='ocrx_word' id='word_1_15' title='bbox 684 670 781 750; x_wconf 91' lang='lat' dir='ltr'><strong>illud,</strong></span> <span class='ocrx_word' id='word_1_16' title='bbox 804 674 889 755; x_wconf 91' lang='lat' dir='ltr'><strong>quod</strong></span> <span class='ocrx_word' id='word_1_17' title='bbox 903 672 1114 738; x_wconf 77' lang='lat' dir='ltr'><strong>Burmannus</strong></span> <span class='ocrx_word' id='word_1_18' title='bbox 1129 694 1205 737; x_wconf 67' lang='lat' dir='ltr'><strong>cor-³</strong></span> 
     </span>
     <span class='ocr_line' id='line_1_4' title="bbox 138 774 1204 859; baseline -0.008 -12"><span class='ocrx_word' id='word_1_19' title='bbox 138 783 242 847; x_wconf 81' lang='lat' dir='ltr'><strong>rexit:</strong></span> <span class='ocrx_word' id='word_1_20' title='bbox 264 781 359 859; x_wconf 68' lang='lat' dir='ltr'><strong>leves,</strong></span> <span class='ocrx_word' id='word_1_21' title='bbox 377 774 509 839; x_wconf 85' lang='lat' dir='ltr'><strong>vetustis</strong></span> <span class='ocrx_word' id='word_1_22' title='bbox 523 774 756 858; x_wconf 77' lang='lat' dir='ltr'><strong>exemplaribus</strong></span> <span class='ocrx_word' id='word_1_23' title='bbox 774 776 1022 841; x_wconf 84' lang='lat' dir='ltr'><strong>adversantibus.</strong></span> <span class='ocrx_word' id='word_1_24' title='bbox 1066 776 1107 839; x_wconf 91' lang='lat' dir='ltr'><strong>ln</strong></span> <span class='ocrx_word' id='word_1_25' title='bbox 1121 796 1204 839; x_wconf 86' lang='lat' dir='ltr'><strong>con·</strong></span> 
     </span>
     <span class='ocr_line' id='line_1_5' title="bbox 139 877 1200 962; baseline -0.007 -12"><span class='ocrx_word' id='word_1_26' title='bbox 139 883 276 950; x_wconf 84' lang='lat' dir='ltr'><strong>trariam</strong></span> <span class='ocrx_word' id='word_1_27' title='bbox 298 900 374 962; x_wconf 79' lang='lat' dir='ltr'><strong>ergo</strong></span> <span class='ocrx_word' id='word_1_28' title='bbox 398 900 474 941; x_wconf 88' lang='lat' dir='ltr'><strong>cum</strong></span> <span class='ocrx_word' id='word_1_29' title='bbox 491 877 718 941; x_wconf 84' lang='lat' dir='ltr'><strong>Wernsdorlio</strong></span> <span class='ocrx_word' id='word_1_30' title='bbox 743 881 934 945; x_wconf 73' lang='lat' dir='ltr'><strong>sententiam</strong></span> <span class='ocrx_word' id='word_1_31' title='bbox 957 882 1002 945; x_wconf 91' lang='lat' dir='ltr'><strong>sic</strong></span> <span class='ocrx_word' id='word_1_32' title='bbox 1023 880 1125 945; x_wconf 82' lang='lat' dir='ltr'><strong>verba</strong></span> <span class='ocrx_word' id='word_1_33' title='bbox 1143 878 1200 943; x_wconf 87' lang='lat' dir='ltr'><strong>tibi</strong></span> 
     </span>
     <span class='ocr_line' id='line_1_6' title="bbox 140 983 1202 1069; baseline -0.005 -17"><span class='ocrx_word' id='word_1_34' title='bbox 140 986 246 1069; x_wconf 80' lang='lat' dir='ltr'><strong>finget</strong></span> <span class='ocrx_word' id='word_1_35' title='bbox 266 984 451 1047; x_wconf 76' lang='lat' dir='ltr'><strong>Levissimus</strong></span> <span class='ocrx_word' id='word_1_36' title='bbox 465 987 585 1065; x_wconf 75' lang='lat' dir='ltr'><strong>quisquo</strong></span> <span class='ocrx_word' id='word_1_37' title='bbox 602 986 663 1043; x_wconf 78' lang='lat' dir='ltr'><strong>orit</strong></span> <span class='ocrx_word' id='word_1_38' title='bbox 683 988 829 1065; x_wconf 84' lang='lat' dir='ltr'><strong>optimus,</strong></span> <span class='ocrx_word' id='word_1_39' title='bbox 851 983 884 1044; x_wconf 93' lang='lat' dir='ltr'><strong>id</strong></span> <span class='ocrx_word' id='word_1_40' title='bbox 906 984 992 1067; x_wconf 89' lang='lat' dir='ltr'><strong>quod</strong></span> <span class='ocrx_word' id='word_1_41' title='bbox 1011 998 1084 1047; x_wconf 90' lang='lat' dir='ltr'><strong>turn</strong></span> <span class='ocrx_word' id='word_1_42' title='bbox 1098 996 1202 1047; x_wconf 86' lang='lat' dir='ltr'><strong>·natn···</strong></span> 
     </span>
     <span class='ocr_line' id='line_1_7' title="bbox 139 1086 1201 1170; baseline -0.001 -15"><span class='ocrx_word' id='word_1_43' title='bbox 139 1108 199 1155; x_wconf 82' lang='lat' dir='ltr'><strong>rae</strong></span> <span class='ocrx_word' id='word_1_44' title='bbox 217 1094 466 1152; x_wconf 84' lang='lat' dir='ltr'><strong>consentaneum</strong></span> <span class='ocrx_word' id='word_1_45' title='bbox 486 1096 549 1161; x_wconf 77' lang='lat' dir='ltr'><strong>est,</strong></span> <span class='ocrx_word' id='word_1_46' title='bbox 576 1098 647 1146; x_wconf 90' lang='lat' dir='ltr'><strong>tum</strong></span> <span class='ocrx_word' id='word_1_47' title='bbox 667 1108 763 1170; x_wconf 88' lang='lat' dir='ltr'><strong>supra</strong></span> <span class='ocrx_word' id='word_1_48' title='bbox 782 1108 811 1150; x_wconf 87' lang='lat' dir='ltr'><strong>v.</strong></span> <span class='ocrx_word' id='word_1_49' title='bbox 827 1088 902 1151; x_wconf 79' lang='lat'><strong>290.</strong></span> <span class='ocrx_word' id='word_1_50' title='bbox 927 1100 1036 1169; x_wconf 90' lang='lat' dir='ltr'><strong>aperte</strong></span> <span class='ocrx_word' id='word_1_51' title='bbox 1055 1086 1201 1154; x_wconf 72' lang='lat' dir='ltr'><strong>declara-r</strong></span> 
     </span>
     <span class='ocr_line' id='line_1_8' title="bbox 139 1187 1201 1273; baseline 0 -20"><span class='ocrx_word' id='word_1_52' title='bbox 139 1208 202 1259; x_wconf 84' lang='lat' dir='ltr'><strong>tur.</strong></span> <span class='ocrx_word' id='word_1_53' title='bbox 242 1191 329 1269; x_wconf 80' lang='lat' dir='ltr'><strong>Ergo</strong></span> <span class='ocrx_word' id='word_1_54' title='bbox 347 1194 523 1269; x_wconf 69' lang='lat' dir='ltr'><strong>generosior</strong></span> <span class='ocrx_word' id='word_1_55' title='bbox 540 1192 590 1270; x_wconf 78' lang='lat' dir='ltr'><strong>qui</strong></span> <span class='ocrx_word' id='word_1_56' title='bbox 609 1202 669 1263; x_wconf 83' lang='lat' dir='ltr'><strong>ast,</strong></span> <span class='ocrx_word' id='word_1_57' title='bbox 703 1188 806 1273; x_wconf 87' lang='lat' dir='ltr'><strong>placet</strong></span> <span class='ocrx_word' id='word_1_58' title='bbox 827 1190 917 1252; x_wconf 90' lang='lat' dir='ltr'><strong>enim</strong></span> <span class='ocrx_word' id='word_1_59' title='bbox 937 1187 1201 1253; x_wconf 84' lang='lat' dir='ltr'><strong>Wernsdorfium</strong></span> 
     </span>
     <span class='ocr_line' id='line_1_9' title="bbox 140 1292 1241 1378; baseline 0 -23"><span class='ocrx_word' id='word_1_60' title='bbox 140 1294 248 1378; x_wconf 78' lang='lat' dir='ltr'><strong>sequi,</strong></span> <span class='ocrx_word' id='word_1_61' title='bbox 280 1299 345 1374; x_wconf 78' lang='lat' dir='ltr'><strong>ipso</strong></span> <span class='ocrx_word' id='word_1_62' title='bbox 366 1293 442 1356; x_wconf 82' lang='lat' dir='ltr'><strong>levis</strong></span> <span class='ocrx_word' id='word_1_63' title='bbox 467 1293 626 1364; x_wconf 78' lang='lat' dir='ltr'><strong>ascendat,</strong></span> <span class='ocrx_word' id='word_1_64' title='bbox 665 1307 695 1354; x_wconf 78' lang='lat' dir='ltr'><strong>et</strong></span> <span class='ocrx_word' id='word_1_65' title='bbox 714 1292 836 1376; x_wconf 77' lang='lat' dir='ltr'><strong>fratres</strong></span> <span class='ocrx_word' id='word_1_66' title='bbox 863 1315 933 1355; x_wconf 82' lang='lat' dir='ltr'><strong>suos</strong></span> <span class='ocrx_word' id='word_1_67' title='bbox 956 1295 1094 1376; x_wconf 77' lang='lat' dir='ltr'><strong>pondere</strong></span> <span class='ocrx_word' id='word_1_68' title='bbox 1115 1302 1200 1371; x_wconf 66' lang='lat' dir='ltr'><strong>copel</strong></span> <span class='ocrx_word' id='word_1_69' title='bbox 1239 1314 1241 1321; x_wconf 89' lang='lat'>·</span> 
     </span>
     <span class='ocr_line' id='line_1_10' title="bbox 142 1370 1202 1478; baseline 0 -17"><span class='ocrx_word' id='word_1_70' title='bbox 142 1397 340 1461; x_wconf 71' lang='lat' dir='ltr'><strong>descendero:</strong></span> <span class='ocrx_word' id='word_1_71' title='bbox 361 1395 429 1469; x_wconf 80' lang='lat' dir='ltr'><strong>ool,</strong></span> <span class='ocrx_word' id='word_1_72' title='bbox 451 1392 583 1454; x_wconf 82' lang='lat' dir='ltr'><strong>nobilior</strong></span> <span class='ocrx_word' id='word_1_73' title='bbox 598 1396 716 1459; x_wconf 83' lang='lat' dir='ltr'><strong>catulus</strong></span> <span class='ocrx_word' id='word_1_74' title='bbox 731 1398 829 1459; x_wconf 78' lang='lat' dir='ltr'><strong>levior</strong></span> <span class='ocrx_word' id='word_1_75' title='bbox 846 1399 980 1478; x_wconf 80' lang='lat' dir='ltr'><strong>pondere</strong></span> <span class='ocrx_word' id='word_1_76' title='bbox 995 1402 1063 1458; x_wconf 79' lang='lat' dir='ltr'><strong>erit.</strong></span> <span class='ocrx_word' id='word_1_77' title='bbox 1109 1370 1202 1461; x_wconf 63' lang='lat' dir='ltr'><strong>lderb</strong></span> 
     </span>
     <span class='ocr_line' id='line_1_11' title="bbox 141 1494 1201 1581; baseline 0 -18"><span class='ocrx_word' id='word_1_78' title='bbox 141 1496 361 1566; x_wconf 82' lang='lat' dir='ltr'><strong>Nemesianus</strong></span> <span class='ocrx_word' id='word_1_79' title='bbox 389 1496 525 1581; x_wconf 91' lang='lat' dir='ltr'><strong>postulat</strong></span> <span class='ocrx_word' id='word_1_80' title='bbox 555 1494 634 1580; x_wconf 81' lang='lat' dir='ltr'><strong>Cyn.</strong></span> <span class='ocrx_word' id='word_1_81' title='bbox 655 1519 683 1562; x_wconf 88' lang='lat' dir='ltr'><strong>v.</strong></span> <span class='ocrx_word' id='word_1_82' title='bbox 709 1504 781 1564; x_wconf 85' lang='lat'><strong>168.</strong></span> <span class='ocrx_word' id='word_1_83' title='bbox 827 1496 979 1563; x_wconf 86' lang='lat' dir='ltr'><strong>Ceterum</strong></span> <span class='ocrx_word' id='word_1_84' title='bbox 1009 1498 1044 1561; x_wconf 89' lang='lat' dir='ltr'><strong>in</strong></span> <span class='ocrx_word' id='word_1_85' title='bbox 1073 1520 1109 1561; x_wconf 85' lang='lat' dir='ltr'><strong>re</strong></span> <span class='ocrx_word' id='word_1_86' title='bbox 1132 1512 1201 1563; x_wconf 81' lang='lat' dir='ltr'><strong>tanl</strong></span> 
     </span>
     <span class='ocr_line' id='line_1_12' title="bbox 142 1597 1200 1688; baseline 0.002 -23"><span class='ocrx_word' id='word_1_87' title='bbox 142 1601 240 1688; x_wconf 91' lang='lat' dir='ltr'><strong>plana</strong></span> <span class='ocrx_word' id='word_1_88' title='bbox 268 1602 351 1664; x_wconf 91' lang='lat' dir='ltr'><strong>adeo</strong></span> <span class='ocrx_word' id='word_1_89' title='bbox 372 1598 582 1662; x_wconf 85' lang='lat' dir='ltr'><strong>hallucinatus</strong></span> <span class='ocrx_word' id='word_1_90' title='bbox 608 1615 653 1663; x_wconf 89' lang='lat' dir='ltr'><strong>est</strong></span> <span class='ocrx_word' id='word_1_91' title='bbox 682 1597 885 1683; x_wconf 81' lang='lat' dir='ltr'><strong>Gronovius,</strong></span> <span class='ocrx_word' id='word_1_92' title='bbox 921 1618 957 1667; x_wconf 86' lang='lat' dir='ltr'><strong>ut</strong></span> <span class='ocrx_word' id='word_1_93' title='bbox 984 1601 1085 1667; x_wconf 84' lang='lat' dir='ltr'><strong>verba</strong></span> <span class='ocrx_word' id='word_1_94' title='bbox 1121 1604 1200 1667; x_wconf 79' lang='lat' dir='ltr'><strong>tlttu</strong></span> 
     </span>
     <span class='ocr_line' id='line_1_13' title="bbox 142 1702 858 1792; baseline 0 -21"><span class='ocrx_word' id='word_1_95' title='bbox 142 1728 161 1771; x_wconf 78' lang='grc' dir='ltr'><em>ι</em></span> <span class='ocrx_word' id='word_1_96' title='bbox 175 1708 312 1770; x_wconf 78' lang='lat' dir='ltr'><strong>monibus</strong></span> <span class='ocrx_word' id='word_1_97' title='bbox 325 1704 365 1768; x_wconf 92' lang='lat' dir='ltr'><strong>de</strong></span> <span class='ocrx_word' id='word_1_98' title='bbox 379 1702 540 1786; x_wconf 83' lang='lat' dir='ltr'><strong>unguibus</strong></span> <span class='ocrx_word' id='word_1_99' title='bbox 555 1704 679 1768; x_wconf 91' lang='lat' dir='ltr'><strong>caninis</strong></span> <span class='ocrx_word' id='word_1_100' title='bbox 694 1709 858 1792; x_wconf 86' lang='lat' dir='ltr'><strong>acciperet.</strong></span> 
     </span>
    </p>
   </div>
   <div class='ocr_carea' id='block_1_3' title="bbox 135 1856 1241 3704">
    <p class='ocr_par' dir='ltr' id='par_1_3' title="bbox 135 1833 1241 3704">
     <span class='ocr_line' id='line_1_14' title="bbox 247 1856 1199 1933; baseline 0.003 -7"><span class='ocrx_word' id='word_1_101' title='bbox 247 1861 314 1926; x_wconf 88' lang='lat' dir='ltr'><strong>Sed</strong></span> <span class='ocrx_word' id='word_1_102' title='bbox 326 1860 445 1924; x_wconf 91' lang='lat' dir='ltr'><strong>horum</strong></span> <span class='ocrx_word' id='word_1_103' title='bbox 458 1856 631 1922; x_wconf 85' lang='lat' dir='ltr'><strong>verborum</strong></span> <span class='ocrx_word' id='word_1_104' title='bbox 644 1862 834 1925; x_wconf 84' lang='lat' dir='ltr'><strong>sententiam</strong></span> <span class='ocrx_word' id='word_1_105' title='bbox 849 1858 921 1925; x_wconf 90' lang='lat' dir='ltr'><strong>ideo</strong></span> <span class='ocrx_word' id='word_1_106' title='bbox 935 1861 1134 1929; x_wconf 89' lang='lat' dir='ltr'><strong>inculcatam</strong></span> <span class='ocrx_word' id='word_1_107' title='bbox 1149 1884 1199 1933; x_wconf 81' lang='lat' dir='ltr'><strong>ao·</strong></span> 
     </span>
     <span class='ocr_line' id='line_1_15' title="bbox 144 1938 1201 2049; baseline -0.003 -15"><span class='ocrx_word' id='word_1_108' title='bbox 144 1981 250 2034; x_wconf 86' lang='lat' dir='ltr'><strong>curate</strong></span> <span class='ocrx_word' id='word_1_109' title='bbox 267 1965 381 2042; x_wconf 84' lang='lat' dir='ltr'><strong>v&#39;elim,</strong></span> <span class='ocrx_word' id='word_1_110' title='bbox 405 1976 440 2025; x_wconf 90' lang='lat' dir='ltr'><strong>ut</strong></span> <span class='ocrx_word' id='word_1_111' title='bbox 453 1983 560 2025; x_wconf 87' lang='lat' dir='ltr'><strong>versus</strong></span> <span class='ocrx_word' id='word_1_112' title='bbox 575 1965 646 2026; x_wconf 84' lang='lat'>300.</span> <span class='ocrx_word' id='word_1_113' title='bbox 662 1986 743 2045; x_wconf 87' lang='lat' dir='ltr'><strong>quac</strong></span> <span class='ocrx_word' id='word_1_114' title='bbox 757 1965 838 2026; x_wconf 90' lang='lat' dir='ltr'><strong>ratio</strong></span> <span class='ocrx_word' id='word_1_115' title='bbox 853 1966 908 2044; x_wconf 86' lang='lat' dir='ltr'><strong>sit,</strong></span> <span class='ocrx_word' id='word_1_116' title='bbox 935 1952 1141 2049; x_wconf 77' lang='lat' dir='ltr'><strong>intelligatur,</strong></span> <span class='ocrx_word' id='word_1_117' title='bbox 1162 1938 1201 2033; x_wconf 80' lang='lat' dir='ltr'><strong>ab</strong></span> 
     </span>
     <span class='ocr_line' id='line_1_16' title="bbox 142 2064 1202 2155; baseline 0.003 -20"><span class='ocrx_word' id='word_1_118' title='bbox 142 2069 290 2148; x_wconf 85' lang='lat' dir='ltr'><strong>nemine,</strong></span> <span class='ocrx_word' id='word_1_119' title='bbox 318 2078 475 2149; x_wconf 90' lang='lat' dir='ltr'><strong>quantum</strong></span> <span class='ocrx_word' id='word_1_120' title='bbox 496 2064 613 2143; x_wconf 91' lang='lat' dir='ltr'><strong>sciam,</strong></span> <span class='ocrx_word' id='word_1_121' title='bbox 645 2087 719 2128; x_wconf 85' lang='lat' dir='ltr'><strong>vere</strong></span> <span class='ocrx_word' id='word_1_122' title='bbox 753 2068 912 2150; x_wconf 84' lang='lat' dir='ltr'><strong>indagata.</strong></span> <span class='ocrx_word' id='word_1_123' title='bbox 956 2066 1045 2131; x_wconf 90' lang='lat' dir='ltr'><strong>Nam</strong></span> <span class='ocrx_word' id='word_1_124' title='bbox 1072 2094 1202 2155; x_wconf 77' lang='lat' dir='ltr'><strong>prorsus</strong></span> 
     </span>
     <span class='ocr_line' id='line_1_17' title="bbox 143 2165 1202 2256; baseline 0.005 -19"><span class='ocrx_word' id='word_1_125' title='bbox 143 2172 243 2241; x_wconf 71' lang='lat' dir='ltr'><strong>falsus</strong></span> <span class='ocrx_word' id='word_1_126' title='bbox 263 2182 323 2248; x_wconf 89' lang='lat' dir='ltr'><strong>est,</strong></span> <span class='ocrx_word' id='word_1_127' title='bbox 346 2190 444 2252; x_wconf 86' lang='lat' dir='ltr'><strong>quem</strong></span> <span class='ocrx_word' id='word_1_128' title='bbox 464 2165 710 2232; x_wconf 85' lang='lat' dir='ltr'><strong>Wernsdorfius</strong></span> <span class='ocrx_word' id='word_1_129' title='bbox 733 2174 933 2256; x_wconf 84' lang='lat' dir='ltr'><strong>praescripsit</strong></span> <span class='ocrx_word' id='word_1_130' title='bbox 956 2172 1104 2239; x_wconf 90' lang='lat' dir='ltr'><strong>ordinem</strong></span> <span class='ocrx_word' id='word_1_131' title='bbox 1124 2166 1202 2241; x_wconf 44' lang='lat' dir='ltr'><strong>ven}</strong></span> 
     </span>
     <span class='ocr_line' id='line_1_18' title="bbox 143 2272 1196 2363; baseline 0.002 -23"><span class='ocrx_word' id='word_1_132' title='bbox 143 2276 278 2341; x_wconf 82' lang='lat' dir='ltr'><strong>borum:</strong></span> <span class='ocrx_word' id='word_1_133' title='bbox 316 2292 370 2335; x_wconf 79' lang='lat' dir='ltr'><strong>nec</strong></span> <span class='ocrx_word' id='word_1_134' title='bbox 401 2296 449 2335; x_wconf 77' lang='lat' dir='ltr'><strong>ms</strong></span> <span class='ocrx_word' id='word_1_135' title='bbox 473 2276 527 2335; x_wconf 84' lang='lat' dir='ltr'><strong>isti</strong></span> <span class='ocrx_word' id='word_1_136' title='bbox 554 2272 652 2333; x_wconf 82' lang='lat' dir='ltr'><strong>catuli</strong></span> <span class='ocrx_word' id='word_1_137' title='bbox 679 2279 740 2336; x_wconf 85' lang='lat' dir='ltr'><strong>suis</strong></span> <span class='ocrx_word' id='word_1_138' title='bbox 765 2280 844 2337; x_wconf 83' lang='lat' dir='ltr'><strong>notis</strong></span> <span class='ocrx_word' id='word_1_139' title='bbox 872 2290 901 2337; x_wconf 79' lang='lat' dir='ltr'><strong>et</strong></span> <span class='ocrx_word' id='word_1_140' title='bbox 930 2281 1051 2341; x_wconf 76' lang='lat' dir='ltr'><strong>indiciis</strong></span> <span class='ocrx_word' id='word_1_141' title='bbox 1068 2276 1196 2363; x_wconf 63' lang='lat' dir='ltr'><strong>fallenti</strong></span> 
     </span>
     <span class='ocr_line' id='line_1_19' title="bbox 143 2372 1198 2463; baseline 0.002 -18"><span class='ocrx_word' id='word_1_142' title='bbox 143 2377 390 2463; x_wconf 85' lang='lat' dir='ltr'><strong>Praeplacuerat</strong></span> <span class='ocrx_word' id='word_1_143' title='bbox 414 2391 526 2439; x_wconf 85' lang='lat' dir='ltr'><strong>tamen</strong></span> <span class='ocrx_word' id='word_1_144' title='bbox 548 2375 653 2439; x_wconf 87' lang='lat' dir='ltr'><strong>eidem</strong></span> <span class='ocrx_word' id='word_1_145' title='bbox 673 2372 898 2451; x_wconf 81' lang='lat' dir='ltr'><strong>Wernsdorfio</strong></span> <span class='ocrx_word' id='word_1_146' title='bbox 920 2380 1099 2445; x_wconf 87' lang='lat' dir='ltr'><strong>Burmanni</strong></span> <span class='ocrx_word' id='word_1_147' title='bbox 1118 2372 1198 2447; x_wconf 53' lang='grc' dir='ltr'><strong>ποί·-</strong></span> 
     </span>
     <span class='ocr_line' id='line_1_20' title="bbox 143 2474 1202 2569; baseline 0.007 -24"><span class='ocrx_word' id='word_1_148' title='bbox 143 2484 261 2551; x_wconf 72' lang='lat' dir='ltr'><strong>notio:</strong></span> <span class='ocrx_word' id='word_1_149' title='bbox 287 2482 376 2544; x_wconf 64' lang='lat' dir='ltr'><strong>Haeo</strong></span> <span class='ocrx_word' id='word_1_150' title='bbox 397 2480 437 2540; x_wconf 80' lang='lat' dir='ltr'><strong>de</strong></span> <span class='ocrx_word' id='word_1_151' title='bbox 455 2480 648 2560; x_wconf 75' lang='lat' dir='ltr'><strong>pignoribus,</strong></span> <span class='ocrx_word' id='word_1_152' title='bbox 672 2480 706 2542; x_wconf 91' lang='lat' dir='ltr'><strong>id</strong></span> <span class='ocrx_word' id='word_1_153' title='bbox 723 2496 784 2548; x_wconf 86' lang='lat' dir='ltr'><strong>est:</strong></span> <span class='ocrx_word' id='word_1_154' title='bbox 806 2484 947 2546; x_wconf 73' lang='lat' dir='ltr'><strong>hactenus</strong></span> <span class='ocrx_word' id='word_1_155' title='bbox 967 2486 1006 2547; x_wconf 82' lang='lat' dir='ltr'><strong>de</strong></span> <span class='ocrx_word' id='word_1_156' title='bbox 1022 2474 1202 2569; x_wconf 71' lang='lat' dir='ltr'><strong>pignoribus</strong></span> 
     </span>
     <span class='ocr_line' id='line_1_21' title="bbox 142 2582 1204 2670; baseline 0.005 -20"><span class='ocrx_word' id='word_1_157' title='bbox 142 2598 191 2651; x_wconf 77' lang='lat' dir='ltr'><strong>est</strong></span> <span class='ocrx_word' id='word_1_158' title='bbox 210 2587 343 2657; x_wconf 83' lang='lat' dir='ltr'><strong>dictum,</strong></span> <span class='ocrx_word' id='word_1_159' title='bbox 374 2602 492 2666; x_wconf 87' lang='lat' dir='ltr'><strong>parum</strong></span> <span class='ocrx_word' id='word_1_160' title='bbox 518 2582 745 2663; x_wconf 86' lang='lat' dir='ltr'><strong>consideranti,</strong></span> <span class='ocrx_word' id='word_1_161' title='bbox 777 2585 892 2670; x_wconf 82' lang='lat' dir='ltr'><strong>duplex</strong></span> <span class='ocrx_word' id='word_1_162' title='bbox 918 2589 1059 2653; x_wconf 89' lang='lat' dir='ltr'><strong>residere</strong></span> <span class='ocrx_word' id='word_1_163' title='bbox 1086 2592 1204 2657; x_wconf 69' lang='lat' dir='ltr'><strong>nunu</strong></span> 
     </span>
     <span class='ocr_line' id='line_1_22' title="bbox 142 2680 1203 2775; baseline 0.007 -22"><span class='ocrx_word' id='word_1_164' title='bbox 142 2689 206 2761; x_wconf 78' lang='lat' dir='ltr'><strong>ista</strong></span> <span class='ocrx_word' id='word_1_165' title='bbox 218 2689 253 2751; x_wconf 90' lang='lat' dir='ltr'><strong>in</strong></span> <span class='ocrx_word' id='word_1_166' title='bbox 266 2685 457 2749; x_wconf 84' lang='lat' dir='ltr'><strong>coniectura.</strong></span> <span class='ocrx_word' id='word_1_167' title='bbox 499 2680 589 2749; x_wconf 90' lang='lat' dir='ltr'><strong>Nam</strong></span> <span class='ocrx_word' id='word_1_168' title='bbox 604 2686 781 2749; x_wconf 84' lang='lat' dir='ltr'><strong>videndum</strong></span> <span class='ocrx_word' id='word_1_169' title='bbox 796 2703 857 2767; x_wconf 77' lang='lat' dir='ltr'><strong>est,</strong></span> <span class='ocrx_word' id='word_1_170' title='bbox 880 2691 1070 2775; x_wconf 82' lang='lat' dir='ltr'><strong>ambiguam</strong></span> <span class='ocrx_word' id='word_1_171' title='bbox 1082 2698 1203 2769; x_wconf 64' lang='lat' dir='ltr'><strong>{rodem</strong></span> 
     </span>
     <span class='ocr_line' id='line_1_23' title="bbox 143 2780 1200 2883; baseline 0.008 -28"><span class='ocrx_word' id='word_1_172' title='bbox 143 2812 210 2877; x_wconf 82' lang='lat' dir='ltr'><strong>qua</strong></span> <span class='ocrx_word' id='word_1_173' title='bbox 230 2792 356 2855; x_wconf 89' lang='lat' dir='ltr'><strong>ratione</strong></span> <span class='ocrx_word' id='word_1_174' title='bbox 378 2786 532 2853; x_wconf 88' lang='lat' dir='ltr'><strong>adhibeat</strong></span> <span class='ocrx_word' id='word_1_175' title='bbox 554 2780 658 2875; x_wconf 89' lang='lat' dir='ltr'><strong>poeta.</strong></span> <span class='ocrx_word' id='word_1_176' title='bbox 710 2789 776 2875; x_wconf 87' lang='lat' dir='ltr'><strong>Qui</strong></span> <span class='ocrx_word' id='word_1_177' title='bbox 804 2791 831 2853; x_wconf 90' lang='lat' dir='ltr'><strong>si</strong></span> <span class='ocrx_word' id='word_1_178' title='bbox 857 2799 967 2874; x_wconf 76' lang='lat' dir='ltr'><strong>pignus</strong></span> <span class='ocrx_word' id='word_1_179' title='bbox 996 2786 1200 2883; x_wconf 65' lang='lat' dir='ltr'><strong>vocabuln&#39;rtlg</strong></span> 
     </span>
     <span class='ocr_line' id='line_1_24' title="bbox 143 2886 1200 2991; baseline 0.006 -30"><span class='ocrx_word' id='word_1_180' title='bbox 143 2894 218 2963; x_wconf 83' lang='lat' dir='ltr'><strong>satis</strong></span> <span class='ocrx_word' id='word_1_181' title='bbox 232 2894 383 2960; x_wconf 85' lang='lat' dir='ltr'><strong>vacillans</strong></span> <span class='ocrx_word' id='word_1_182' title='bbox 395 2914 454 2958; x_wconf 89' lang='lat' dir='ltr'><strong>sua</strong></span> <span class='ocrx_word' id='word_1_183' title='bbox 472 2893 717 2974; x_wconf 85' lang='lat' dir='ltr'><strong>significatione,</strong></span> <span class='ocrx_word' id='word_1_184' title='bbox 741 2900 920 2978; x_wconf 78' lang='lat' dir='ltr'><strong>usurpavit3</strong></span> <span class='ocrx_word' id='word_1_185' title='bbox 945 2920 986 2962; x_wconf 90' lang='lat' dir='ltr'><strong>ne</strong></span> <span class='ocrx_word' id='word_1_186' title='bbox 999 2902 1129 2967; x_wconf 91' lang='lat' dir='ltr'><strong>nudum</strong></span> <span class='ocrx_word' id='word_1_187' title='bbox 1141 2886 1200 2991; x_wconf 51' lang='lat' dir='ltr'><strong>poi·</strong></span> 
     </span>
     <span class='ocr_line' id='line_1_25' title="bbox 142 2996 1198 3093; baseline 0.007 -27"><span class='ocrx_word' id='word_1_188' title='bbox 142 3014 273 3067; x_wconf 74' lang='lat' dir='ltr'><strong>notetur</strong></span> <span class='ocrx_word' id='word_1_189' title='bbox 302 3000 443 3076; x_wconf 82' lang='lat' dir='ltr'><strong>curavit,</strong></span> <span class='ocrx_word' id='word_1_190' title='bbox 476 2997 534 3061; x_wconf 86' lang='lat' dir='ltr'><strong>sed</strong></span> <span class='ocrx_word' id='word_1_191' title='bbox 561 3000 596 3063; x_wconf 84' lang='lat' dir='ltr'><strong>rit</strong></span> <span class='ocrx_word' id='word_1_192' title='bbox 623 2996 785 3061; x_wconf 85' lang='lat' dir='ltr'><strong>vocabulis</strong></span> <span class='ocrx_word' id='word_1_193' title='bbox 816 3000 1001 3082; x_wconf 84' lang='lat' dir='ltr'><strong>iungeretur</strong></span> <span class='ocrx_word' id='word_1_194' title='bbox 1024 3007 1198 3093; x_wconf 82' lang='lat' dir='ltr'><strong>eiusmodi,</strong></span> 
     </span>
     <span class='ocr_line' id='line_1_26' title="bbox 143 3096 1198 3192; baseline 0.013 -24"><span class='ocrx_word' id='word_1_195' title='bbox 143 3124 231 3192; x_wconf 84' lang='lat' dir='ltr'><strong>quae</strong></span> <span class='ocrx_word' id='word_1_196' title='bbox 244 3116 353 3188; x_wconf 87' lang='lat' dir='ltr'><strong>aperte</strong></span> <span class='ocrx_word' id='word_1_197' title='bbox 370 3100 565 3164; x_wconf 88' lang='lat' dir='ltr'><strong>declararent</strong></span> <span class='ocrx_word' id='word_1_198' title='bbox 580 3102 780 3164; x_wconf 89' lang='lat' dir='ltr'><strong>sententiam.</strong></span> <span class='ocrx_word' id='word_1_199' title='bbox 805 3097 872 3167; x_wconf 81' lang='lat' dir='ltr'><strong>Cir.</strong></span> <span class='ocrx_word' id='word_1_200' title='bbox 885 3125 933 3166; x_wconf 88' lang='lat' dir='ltr'><strong>vv.</strong></span> <span class='ocrx_word' id='word_1_201' title='bbox 948 3105 1023 3170; x_wconf 83' lang='grc'><strong>255.</strong></span> <span class='ocrx_word' id='word_1_202' title='bbox 1040 3114 1118 3176; x_wconf 79' lang='grc'><strong>232.</strong></span> <span class='ocrx_word' id='word_1_203' title='bbox 1128 3096 1198 3181; x_wconf 58' lang='lat'><strong>262</strong></span> 
     </span>
     <span class='ocr_line' id='line_1_27' title="bbox 135 3202 1233 3319; baseline 0.01 -50"><span class='ocrx_word' id='word_1_204' title='bbox 135 3209 258 3291; x_wconf 75' lang='lat' dir='ltr'><strong>¹ltaque</strong></span> <span class='ocrx_word' id='word_1_205' title='bbox 278 3206 429 3269; x_wconf 87' lang='lat' dir='ltr'><strong>correctio</strong></span> <span class='ocrx_word' id='word_1_206' title='bbox 451 3202 632 3268; x_wconf 89' lang='lat' dir='ltr'><strong>Burmanni</strong></span> <span class='ocrx_word' id='word_1_207' title='bbox 655 3203 715 3267; x_wconf 87' lang='lat' dir='ltr'><strong>ista</strong></span> <span class='ocrx_word' id='word_1_208' title='bbox 737 3203 935 3269; x_wconf 89' lang='lat' dir='ltr'><strong>obscuritatis</strong></span> <span class='ocrx_word' id='word_1_209' title='bbox 963 3207 1042 3273; x_wconf 90' lang='lat' dir='ltr'><strong>vitio</strong></span> <span class='ocrx_word' id='word_1_210' title='bbox 1064 3211 1233 3319; x_wconf 47' lang='lat' dir='ltr'><strong>laboris*</strong></span> 
     </span>
     <span class='ocr_line' id='line_1_28' title="bbox 143 3308 1223 3403; baseline 0.005 -27"><span class='ocrx_word' id='word_1_211' title='bbox 143 3310 270 3376; x_wconf 83' lang='lat' dir='ltr'><strong>Eadem</strong></span> <span class='ocrx_word' id='word_1_212' title='bbox 284 3328 361 3371; x_wconf 85' lang='lat' dir='ltr'><strong>vero</strong></span> <span class='ocrx_word' id='word_1_213' title='bbox 380 3327 506 3391; x_wconf 88' lang='lat' dir='ltr'><strong>prorsus</strong></span> <span class='ocrx_word' id='word_1_214' title='bbox 526 3327 655 3369; x_wconf 88' lang='lat' dir='ltr'><strong>excussa</strong></span> <span class='ocrx_word' id='word_1_215' title='bbox 675 3308 900 3395; x_wconf 84' lang='lat' dir='ltr'><strong>profligataque</strong></span> <span class='ocrx_word' id='word_1_216' title='bbox 919 3310 1046 3376; x_wconf 82' lang='lat' dir='ltr'><strong>videtur</strong></span> <span class='ocrx_word' id='word_1_217' title='bbox 1063 3334 1107 3380; x_wconf 88' lang='lat' dir='ltr'><strong>eo</strong></span> <span class='ocrx_word' id='word_1_218' title='bbox 1121 3322 1195 3403; x_wconf 65' lang='lat' dir='ltr'><strong>etue}</strong></span> <span class='ocrx_word' id='word_1_219' title='bbox 1218 3332 1223 3341; x_wconf 93' lang='grc'><strong><em>·</em></strong></span> 
     </span>
     <span class='ocr_line' id='line_1_29' title="bbox 142 3408 1195 3507; baseline 0.003 -29"><span class='ocrx_word' id='word_1_220' title='bbox 142 3413 233 3501; x_wconf 83' lang='lat' dir='ltr'><strong>quod</strong></span> <span class='ocrx_word' id='word_1_221' title='bbox 260 3411 423 3476; x_wconf 85' lang='lat' dir='ltr'><strong>inficetam</strong></span> <span class='ocrx_word' id='word_1_222' title='bbox 450 3408 556 3471; x_wconf 92' lang='lat' dir='ltr'><strong>reddit</strong></span> <span class='ocrx_word' id='word_1_223' title='bbox 587 3411 776 3473; x_wconf 84' lang='lat' dir='ltr'><strong>sententiam</strong></span> <span class='ocrx_word' id='word_1_224' title='bbox 809 3429 840 3477; x_wconf 88' lang='lat' dir='ltr'><strong>et</strong></span> <span class='ocrx_word' id='word_1_225' title='bbox 867 3412 909 3476; x_wconf 92' lang='lat' dir='ltr'><strong>ab</strong></span> <span class='ocrx_word' id='word_1_226' title='bbox 937 3417 1061 3481; x_wconf 87' lang='lat' dir='ltr'><strong>ratione</strong></span> <span class='ocrx_word' id='word_1_227' title='bbox 1092 3422 1195 3507; x_wconf 60' lang='lat' dir='ltr'><strong>pom</strong></span> 
     </span>
     <span class='ocr_line' id='line_1_30' title="bbox 142 3506 1241 3645; baseline 0.004 -64"><span class='ocrx_word' id='word_1_228' title='bbox 142 3517 238 3606; x_wconf 83' lang='lat' dir='ltr'><strong>plane</strong></span> <span class='ocrx_word' id='word_1_229' title='bbox 259 3514 494 3580; x_wconf 89' lang='lat' dir='ltr'><strong>abhorrentem.</strong></span> <span class='ocrx_word' id='word_1_230' title='bbox 539 3512 667 3577; x_wconf 89' lang='lat' dir='ltr'><strong>Poterat</strong></span> <span class='ocrx_word' id='word_1_231' title='bbox 689 3516 822 3598; x_wconf 90' lang='lat' dir='ltr'><strong>quidem</strong></span> <span class='ocrx_word' id='word_1_232' title='bbox 845 3515 996 3600; x_wconf 86' lang='lat' dir='ltr'><strong>Virgilius</strong></span> <span class='ocrx_word' id='word_1_233' title='bbox 1015 3506 1194 3609; x_wconf 60' lang='lat' dir='ltr'><strong>Geor&#39;g&#39;itllss</strong></span> <span class='ocrx_word' id='word_1_234' title='bbox 1228 3547 1241 3645; x_wconf 56' lang='lat' dir='ltr'><strong>p</strong></span> 
     </span>
     <span class='ocr_line' id='line_1_31' title="bbox 142 3607 1188 3704; baseline -0.001 -18"><span class='ocrx_word' id='word_1_235' title='bbox 142 3642 218 3687; x_wconf 88' lang='lat' dir='ltr'><strong>rum</strong></span> <span class='ocrx_word' id='word_1_236' title='bbox 233 3640 362 3686; x_wconf 87' lang='lat' dir='ltr'><strong>carmen</strong></span> <span class='ocrx_word' id='word_1_237' title='bbox 376 3616 432 3680; x_wconf 89' lang='lat' dir='ltr'><strong>lll.</strong></span> <span class='ocrx_word' id='word_1_238' title='bbox 449 3614 498 3679; x_wconf 87' lang='lat' dir='ltr'><strong>his</strong></span> <span class='ocrx_word' id='word_1_239' title='bbox 513 3615 616 3679; x_wconf 88' lang='lat' dir='ltr'><strong>verbis</strong></span> <span class='ocrx_word' id='word_1_240' title='bbox 632 3617 790 3704; x_wconf 90' lang='lat' dir='ltr'><strong>incipere:</strong></span> <span class='ocrx_word' id='word_1_241' title='bbox 1097 3631 1102 3645; x_wconf 78' lang='lat'><em>‘</em></span> <span class='ocrx_word' id='word_1_242' title='bbox 1121 3607 1188 3662; x_wconf 66' lang='lat'><strong>&#39;&#39;¹¹¹’&#39;</strong></span> 
     </span>
    </p>
   </div>
   <div class='ocr_carea' id='block_1_4' title="bbox 357 3742 888 3819">
    <p class='ocr_par' dir='ltr' id='par_1_4' title="bbox 357 3742 888 3819">
     <span class='ocr_line' id='line_1_32' title="bbox 357 3742 888 3819; baseline 0.011 -6"><span class='ocrx_word' id='word_1_243' title='bbox 357 3753 513 3813; x_wconf 73' lang='lat' dir='ltr'><strong>Hactenus</strong></span> <span class='ocrx_word' id='word_1_244' title='bbox 533 3742 692 3816; x_wconf 68' lang='lat' dir='ltr'><strong>vorborum</strong></span> <span class='ocrx_word' id='word_1_245' title='bbox 714 3756 811 3818; x_wconf 80' lang='lat' dir='ltr'><strong>cultus</strong></span> <span class='ocrx_word' id='word_1_246' title='bbox 833 3767 888 3819; x_wconf 79' lang='lat' dir='ltr'><strong>cte.</strong></span> 
     </span>
    </p>
   </div>
   <div class='ocr_carea' id='block_1_5' title="bbox 32 3860 1192 4157">
    <p class='ocr_par' dir='ltr' id='par_1_5' title="bbox 32 3860 1192 4157">
     <span class='ocr_line' id='line_1_33' title="bbox 32 3860 1192 3973; baseline -0.003 -15"><span class='ocrx_word' id='word_1_247' title='bbox 32 3898 35 3903; x_wconf 86' lang='lat'>&#39;</span> <span class='ocrx_word' id='word_1_248' title='bbox 143 3888 219 3972; x_wconf 78' lang='lat' dir='ltr'><strong>quia</strong></span> <span class='ocrx_word' id='word_1_249' title='bbox 237 3883 293 3948; x_wconf 90' lang='lat' dir='ltr'><strong>illa</strong></span> <span class='ocrx_word' id='word_1_250' title='bbox 312 3883 353 3946; x_wconf 93' lang='lat' dir='ltr'><strong>ad</strong></span> <span class='ocrx_word' id='word_1_251' title='bbox 374 3898 475 3949; x_wconf 89' lang='lat' dir='ltr'><strong>totum</strong></span> <span class='ocrx_word' id='word_1_252' title='bbox 490 3905 622 3950; x_wconf 88' lang='lat' dir='ltr'><strong>carmen</strong></span> <span class='ocrx_word' id='word_1_253' title='bbox 643 3886 837 3969; x_wconf 78' lang='lat' dir='ltr'><strong>reseruntut3</strong></span> <span class='ocrx_word' id='word_1_254' title='bbox 857 3860 1067 3973; x_wconf 81' lang='lat' dir='ltr'><strong>similiterque</strong></span> <span class='ocrx_word' id='word_1_255' title='bbox 1085 3906 1192 3961; x_wconf 72' lang='lat' dir='ltr'><strong>noster</strong></span> 
     </span>
     <span class='ocr_line' id='line_1_34' title="bbox 141 3987 1190 4057; baseline -0.022 -4"><span class='ocrx_word' id='word_1_256' title='bbox 141 3987 339 4057; x_wconf 48' lang='lat' dir='ltr'><strong>ventidii:</strong></span> <span class='ocrx_word' id='word_1_257' title='bbox 429 4024 433 4029; x_wconf 96' lang='lat'>·</span> <span class='ocrx_word' id='word_1_258' title='bbox 1037 4016 1041 4033; x_wconf 64' lang='lat'><em>2</em></span> <span class='ocrx_word' id='word_1_259' title='bbox 1102 3994 1190 4035; x_wconf 80' lang='grc'><strong><em>---,.·.;</em></strong></span> 
     </span>
     <span class='ocr_line' id='line_1_35' title="bbox 285 4090 1187 4157; baseline -0.016 -2"><span class='ocrx_word' id='word_1_260' title='bbox 285 4148 289 4155; x_wconf 97' lang='grc'><em>.</em></span> <span class='ocrx_word' id='word_1_261' title='bbox 352 4090 427 4151; x_wconf 73' lang='lat' dir='ltr'><strong>llaec</strong></span> <span class='ocrx_word' id='word_1_262' title='bbox 447 4102 504 4153; x_wconf 82' lang='lat' dir='ltr'><strong>tua</strong></span> <span class='ocrx_word' id='word_1_263' title='bbox 525 4091 640 4155; x_wconf 82' lang='lat' dir='ltr'><strong>militia</strong></span> <span class='ocrx_word' id='word_1_264' title='bbox 662 4103 706 4157; x_wconf 72' lang='lat' dir='ltr'><strong>ost</strong></span> <span class='ocrx_word' id='word_1_265' title='bbox 1163 4102 1187 4141; x_wconf 81' lang='lat' dir='ltr'><strong>n.-</strong></span> 
     </span>
    </p>
   </div>
   <div class='ocr_carea' id='block_1_6' title="bbox 0 0 1355 4928">
    <p class='ocr_par' dir='ltr' id='par_1_6' title="bbox 0 0 1355 4928">
     <span class='ocr_line' id='line_1_36' title="bbox 0 0 1355 4928; baseline 0 0"><span class='ocrx_word' id='word_1_266' title='bbox 0 0 1355 4928; x_wconf 95' lang='lat' dir='ltr'><strong> </strong></span> 
     </span>
    </p>
   </div>
  </div>
 </body>
</html>
