2686 4928
502 383 827 458 ...eg-

144 589 231 672 Ergo
252 608 318 654 non
330 585 533 670 undiquaque
554 585 744 670 probamus,
767 605 866 668 quam
887 580 974 648 Frid.
991 581 1096 648 lacob.
1117 601 1192 667 pro·

144 693 217 760 tulit
230 690 492 777 interpunctionis
504 689 719 753 mutationem
733 687 834 753 hanc:

422 807 727 887 gravissumum,
757 807 810 869 sed
832 805 892 867 illis

253 911 299 976 Tu
319 911 392 974 lieet
410 915 599 998 Haemonios
619 911 758 973 includas
780 911 909 972 sentibus
929 927 1014 969 ursos

148 1029 244 1098 lebni
257 1026 375 1095 annall.
391 1027 480 1114 phill.
496 1044 528 1095 et
541 1027 655 1114 paedd.
670 1025 742 1092 Vol.
758 1026 785 1091 l‘.
802 1030 895 1092 1896.
908 1023 1003 1088 Turn.
1019 1021 1062 1088 11.
1080 1045 1111 1108 p.
1123 1024 1193 1088 132.

148 1137 236 1203 Nam
254 1133 289 1198 id
308 1132 440 1218 quidem
461 1134 569 1217 primo
597 1129 762 1194 oculorum
781 1128 892 1192 obtutu
913 1142 1014 1213 patet,
1048 1126 1136 1210 quod
1155 1125 1195 1189 de

148 1236 340 1306 Haemoniis
354 1250 400 1300 est
419 1234 498 1298 ursis
518 1234 655 1314 dictum,
683 1255 748 1296 non
764 1253 853 1319 posse
868 1254 933 1296 non
952 1230 994 1295 ad
1015 1231 1124 1313 priora
1142 1249 1196 1293 re·
1238 1308 1240 1323 Ι

148 1343 228 1411 ferri
241 1337 355 1404 verba:
384 1344 491 1417 gravis
512 1341 628 1413 tutele5
656 1359 797 1421 quorum
818 1336 972 1401 sententia
992 1329 1196 1398 confirmatur

147 1442 344 1512 immanium
370 1440 542 1505 bestiarum
572 1441 886 1506 commemoratione.
929 1438 1015 1504 Turn
1039 1457 1116 1500 vero
1141 1456 1198 1500 cur

149 1552 213 1614 illis
232 1565 411 1633 pronomen
430 1547 560 1608 sentibus
580 1545 620 1608 sit
641 1542 818 1624 adiectum,
839 1543 1027 1626 neutiquam
1043 1540 1206 1624 perspici·.
1226 1564 1233 1571 ·

55 1637 59 1645 ¹
147 1669 208 1719 tur.
250 1649 425 1734 Perperam
449 1647 535 1710 enim
559 1648 712 1731 scriptum
742 1646 844 1710 estin
872 1645 998 1710 Pithoei
1020 1643 1195 1730 exemplari

38 1791 40 1796 ·
149 1757 276 1828 retibus,
312 1749 397 1814 unde
419 1748 587 1814 Turnebus
616 1751 754 1834 reposuit
776 1752 914 1813 cassibus.
959 1749 1048 1834 Quid
1077 1747 1198 1812 multa?

147 1856 365 1933 Reconditum
388 1851 580 1916 vocabulum
604 1867 634 1915 et
658 1854 860 1917 venatoribus
880 1855 1044 1940 proprium
1068 1854 1105 1916 in
1125 1874 1197 1917 cor·

148 1957 275 2046 ruptela
296 1955 496 2030 delitescere,
531 1977 633 2040 paene
662 1957 805 2020 adducor
833 1972 868 2019 ut
895 1953 1033 2021 credam.
1084 1957 1200 2042 ltaque

148 2059 291 2141 attende,
310 2076 444 2143 quaeso,
467 2059 615 2121 animum
630 2059 672 2121 ad
685 2073 796 2133 sentes,
819 2059 934 2144 quibus
956 2083 1045 2126 ursos
1058 2059 1198 2125 inclusos

145 2166 191 2231 ait
213 2175 244 2229 et
264 2159 382 2227 scribe:

419 2293 464 2310 -
482 2269 588 2343 grauis
609 2276 640 2328 et
659 2267 757 2330 tutela
777 2266 881 2330 sedilis

319 2366 366 2431 Tu
386 2366 458 2430 licet
476 2381 532 2432 etc.

148 2500 252 2583 Vide,
284 2519 327 2566 ne
344 2503 438 2565 sedile
461 2499 668 2586 appellaverit
692 2502 878 2564 domicilium
899 2519 955 2564 seu
977 2501 1074 2566 cubile
1096 2499 1197 2579 serae,

147 2602 237 2692 quod
254 2624 312 2668 nos
339 2605 398 2666 des
419 2603 522 2683 Lager
543 2602 688 2671 dicimus.
731 2602 854 2667 Avium
878 2608 971 2668 sedile
994 2624 1195 2669 commemo-

149 2722 200 2775 ret
218 2706 324 2771 Varro
341 2703 382 2772 R.
397 2705 437 2771 R.
452 2706 526 2787 lll.,
549 2707 579 2772 5.
594 2708 744 2791 idemque
758 2707 927 2792 significari
943 2709 1029 2794 apud
1043 2702 1194 2774 Graiium

148 2809 302 2888 arbitror,
328 2808 413 2892 quod
435 2826 584 2895 sequente
606 2831 698 2876 versu
717 2824 812 2874 sentes
832 2828 1006 2878 vocaverat.
1048 2806 1197 2875 Consue-

148 2928 263 2980 verunt
282 2911 379 2997 igitur
400 2930 565 2982 venatores
593 2915 628 2976 in
656 2914 818 2978 maiorum
847 2919 1015 2979 venatione
1043 2913 1197 2995 ferarum,

147 3015 206 3082 ubi
226 3014 332 3082 cubile
354 3015 539 3101 indagatum
563 3034 646 3099 erat,
682 3018 788 3081 aditus
811 3018 953 3102 expansis
975 3017 1113 3083 cassibus
1134 3015 1198 3080 ob-

147 3133 278 3186 struere.
322 3118 471 3183 Claudere
486 3127 598 3188 retibus
609 3123 775 3191 venatoria
788 3144 849 3185 vox
865 3136 927 3200 est,
951 3136 984 3184 ut
997 3121 1085 3208 apud
1097 3120 1197 3188 Ovid.

146 3221 232 3288 Fast.
245 3221 302 3302 V.,
322 3223 394 3286 871.
439 3225 550 3309 ltaque
571 3239 659 3290 tanta
679 3242 725 3291 est
741 3225 899 3292 eiusmodi
919 3227 1038 3290 retium
1053 3225 1088 3289 in
1102 3239 1197 3289 tuen·

147 3326 190 3392 do
205 3346 244 3393 ac
259 3324 539 3392 circumcludendo
554 3329 653 3394 cubili
672 3330 881 3416 praestantia,
902 3343 937 3394 ut
950 3351 992 3395 ne
1005 3351 1025 3393 a
1038 3327 1198 3392 maximis
1213 3326 1217 3339 '

64 3503 72 3521 ·
144 3429 277 3525 quidem
292 3428 403 3496 bestiis
415 3433 583 3520 perrumpi
595 3448 722 3517 queant.

248 3620 278 3666 v.
293 3599 347 3668 60.
389 3607 509 3668 Humor
531 3607 641 3668 retibus
659 3607 795 3666 maxime
817 3606 975 3686 pernicies.
1016 3598 1195 3682 Pervulga-

144 3715 213 3768 tarn
226 3716 258 3767 et
271 3705 380 3770 tritam
396 3723 542 3772 notamus
562 3689 684 3789 generis
704 3707 940 3772 attractionem:
960 3710 1107 3770 vitiorum
1120 3722 1194 3787 pes-

144 3808 236 3868 simus
256 3808 377 3883 humor,
408 3809 533 3893 deque
554 3808 718 3874 adeundus
740 3822 786 3872 est
806 3803 848 3875 G.
869 3809 980 3874 loann.
1001 3808 1132 3873 Vossius
1153 3806 1194 3872 de

145 3921 257 3974 constr.
278 3931 310 3994 p.
333 3915 383 3976 12.
406 3916 457 3978 13.
479 3928 508 3975 ct
529 3911 708 3977 Lambinus
731 3910 772 3974 ad
793 3908 900 3978 Horat.
922 3913 988 3978 Sat.
1013 3912 1055 3990 l.,
1078 3916 1128 3990 9.,
1150 3907 1193 3990 4,

104 4024 111 4037 ‘
141 4012 227 4094 quod
252 4032 348 4095 genus
367 4013 518 4099 loquendi
543 4032 721 4083 metrorum
746 4016 975 4082 necessitudine
1001 4015 1192 4102 plerumque

140 4112 316 4196 flagitatum
338 4131 393 4183 est.
