2686 4928
496 350 841 431 ...m-.-

145 560 277 648 lusatiae
294 566 383 624 recte
403 555 531 623 inriserit
546 554 737 623 lohnuonuu
752 552 839 620 Dan.
856 552 1005 621 Heinsius
1018 573 1092 620 cum
1106 549 1193 617 Bur-

142 686 263 731 mauno
277 661 454 744 onerisque
470 658 697 726 scribi-voluit:
718 663 793 722 haut
806 673 838 724 te
850 673 874 723 t.
891 683 918 723 ο.
935 685 962 724 r.
979 657 1097 726 meiius
1111 668 1194 723 certe

141 766 326 848 Gmnoeio,
347 765 440 831 cuiue
453 764 540 830 haec
550 777 598 830 cst
611 767 782 848 scriptura:

243 871 290 951 A}
304 889 366 932 non
379 881 426 932 ese
436 869 537 944 nlius,
560 889 646 949 quem
663 871 747 931 tanti
761 867 805 929 ad
820 867 923 927 munio
936 858 1035 944 foetus
1083 892 1088 901 ·

243 975 399 1041 &arom
416 972 512 1037 ode-.-
542 975 626 1036 houd
647 973 676 1036 Τ
673 994 691 1035 e
706 984 732 1035 t.
749 993 776 1034 c.
799 965 919 1054 refellet

159 1138 162 1142 ,
244 1080 337 1141 Inter
357 1095 443 1158 opus.
521 1067 525 1078 '

139 1182 198 1272 qni
219 1187 299 1247 cuin
314 1175 432 1243 verba:
450 1197 590 1243 exercere
602 1180 647 1241 ud
659 1183 764 1244 munia
778 1183 863 1243 tonet·
877 1168 1197 1263 foetus-intelligenda

142 1298 270 1374 putaret
286 1283 327 1346 de
340 1280 437 1343 nobili
450 1285 531 1344 coitu
549 1306 617 1346 cum
632 1294 818 1362 mangones,
846 1279 1035 1347 mirabiliter
1048 1293 1117 1343 tum
1131 1275 1196 1339 lin-

150 1409 216 1473 gua
232 1400 298 1453 tum
313 1380 394 1447 ordo
411 1379 648 1450 ¹sententiarum
670 1385 844 1471 vapulavit.
888 1384 976 1469 Quid
991 1378 1113 1447 multa?
1144 1380 1201 1444 Dc

151 1492 316 1558 omine
332 1490 552 1583 mrcitatione
571 1481 774 1574 accipienda(
811 1485 1050 1566 Sedoffendit,
1071 1485 1158 1572 quod
1177 1506 1198 1549 a

140 1595 278 1660 'nemine
290 1589 387 1656 video
401 1605 609 1676 annotatum,
631 1604 667 1654 ot
683 1589 857 1678 particula,
883 1592 973 1658 nulla
987 1591 1197 1656 necessitudi-

125 1697 197 1765 'nis
218 1684 480 1781 ratione‘poeita,
508 1716 586 1760 nam
608 1694 694 1780 quod
717 1695 912 1760 contrarium
934 1710 980 1760 est
999 1696 1115 1759 thoum
1137 1695 1199 1758 de·

144 1798 324 1876 tormine,
341 1794 556 1881 significatum
574 1797 643 1862 iam
664 1810 711 1861 est
723 1797 844 1860 verbis:
873 1811 976 1860 tomen
998 1799 1067 1860 huic
1090 1813 1200 1862 exacto

144 1902 307 1973 rioldum
343 1894 440 1982 Quod
463 1923 536 1966 cum
558 1901 604 1966 ita
625 1901 682 1979 sit,
714 1897 849 1982 vestigia
874 1913 996 1963 secutus
1018 1889 1201 1981 libri'Ms„

148 2028 251 2073 versu
277 2005 350 2069 261.
369 2002 575 2067 retinendum
603 2003 739 2068 arbitror
771 2017 828 2069 aut
864 2016 1092 2089 mutatumque
1125 2005 1199 2070 volo

150 2113 244 2201 prius
257 2125 378 2193 quoque
391 2121 427 2170 et
442 2107 478 2170 in
492 2121 547 2169 aut
562 2106 624 2173 hoc
636 2107 752 2172 modo:

255 2224 328 2279 aut
343 2226 460 2275 nonest
475 2214 571 2286 alius,
593 2236 677 2297 quem
690 2224 782 2274 tanta
796 2214 841 2274 ud
856 2206 977 2284 munia,
992 2208 1105 2296 foetus,

251 2318 406 2384 Etercerc
423 2317 513 2390 velis,
535 2329 605 2377 out
626 2329 656 2376 te
677 2328 733 2377 tuo
751 2317 843 2397 culpa
861 2312 986 2396 refellat
1006 2345 1050 2359 -
1257 2382 1262 2390 ἢ

150 2421 190 2493 id
209 2434 272 2487 eet:
306 2432 364 2483 snt
389 2417 487 2482 talem
514 2416 655 2494 foetum,
688 2417 820 2501 qualem
850 2412 947 2503 snpra
974 2416 1205 2499 descripsimus,
1294 2447 1296 2452 ·
1325 2434 1326 2438 ’

158 2524 317 2609 aliumque
339 2523 507 2586 neminem
526 2513 637 2586 exerce
661 2521 703 2585 ad
724 2537 812 2587 tanta
833 2521 965 2602 munia,
993 2534 1049 2585 aut
1068 2520 1142 2587 Tua
1155 2519 1206 2588 Te

158 2631 221 2715 ipsc
239 2626 336 2712 culpa
361 2623 553 2690 frustrabere
584 2626 806 2710 damnumque
832 2625 977 2712 accipies.
1014 2630 1119 2690 munia
1153 2627 1206 2693 vel

154 2755 281 2799 munera
308 2751 538 2816 saepenumero
568 2729 608 2793 de
636 2731 729 2798 rebus
757 2727 1032 2811 beilicisdicitur,
1066 2743 1102 2795 ut
1130 2727 1204 2796 Liv.

152 2834 267 2902 XXIV
267 2881 294 2916 .„
311 2832 363 2900 ³5.
386 2831 518 2924 Olymp.
532 2831 627 2899 Nem.
641 2827 719 2918 Cyn.
732 2855 761 2896 v.
780 2831 853 2897 194.

258 3015 289 3055 v.
305 2994 382 3055 262.
409 3010 480 3052 seru
492 2991 577 3054 cadit
595 3013 644 3071 pr.
659 2991 789 3063 disere
804 3002 848 3051 est
869 3000 899 3050 ct
913 2990 1007 3048 irrita
1021 2982 1116 3070 facto
1135 2988 1205 3050 crit.

157 3094 279 3159 Notum
292 3113 394 3176 genus
416 3091 569 3179 loquendi
588 3092 689 3178 poetis
703 3091 1008 3168 familiarissimum,
1029 3089 1070 3153 de
1090 3111 1155 3174 quo
1173 3110 1206 3155 v.

156 3198 197 3264 ad
209 3222 240 3264 u.
253 3195 331 3263 857.

259 3352 292 3396 v.
315 3328 391 3393 265.
412 3349 478 3412 sqq.
522 3324 621 3394 Canis
650 3330 785 3397 venatici
812 3329 997 3415 descriptio,
1024 3346 1099 3410 ,qua
1126 3324 1209 3388 nihil

160 3455 215 3522 per
234 3437 342 3498 totum
364 3427 470 3495 Gratii
488 3453 618 3496 carmen
639 3433 820 3500 iucundius.
865 3431 956 3496 Nihil
972 3429 1060 3494 enim
1076 3442 1209 3494 naturae

162 3558 224 3603 non
243 3534 468 3614 simillimum,
503 3536 558 3600 sed
580 3537 802 3622 exemplorum
825 3536 1033 3618 dignitatcet
1055 3531 1211 3616 amplitu-

101 3696 104 3725 ,
140 3641 237 3707 ‘dine
260 3638 450 3705 circumfusa
465 3641 695 3725 'nobilitataque
717 3642 837 3705 omnia.
880 3637 991 3722 Usque
1015 3635 1056 3698 ad
1081 3656 1210 3700 versum

101 3738 123 3793 -'·'
167 3761 269 3809 autem
292 3746 384 3824 278„
412 3741 519 3825 quaies
539 3743 580 3807 ad
600 3744 837 3830 procreandum
854 3762 967 3823 canem
983 3753 1129 3828 parentes
1151 3739 1210 3807 de·

101 3866 113 3903 ι
169 3844 260 3912 beant
277 3868 358 3928 esse,
390 3845 529 3930 exponit.

268 4004 298 4047 v.
313 3984 387 4047 263.
431 3982 513 4056 Ergo
535 3981 691 4062 particula
714 4004 778 4047 non
801 3977 974 4065 syllogismi
998 3975 1212 4039 necessitatem

177 4083 286 4170 ubique
309 4084 449 4162 inducit,
477 4079 532 4147 sed
555 4088 719 4169 superiora
742 4085 906 4150 interdum
931 4081 1060 4147 liberius
1082 4092 1114 4144 ct
1136 4098 1213 4141 cum
