2686 4928
505 321 824 399 ...ῃ-

142 520 267 589 Adonis
287 520 329 588 ab
350 542 429 608 apro
447 523 482 587 in
496 521 615 603 ldalio,
642 520 741 609 Cypri
764 537 891 602 monte,
918 521 1094 589 secundom
1108 521 1195 588 Pro·

142 628 281 710 portium
302 626 364 705 11.,
394 629 461 705 13,
483 625 535 691 53.
563 624 628 692 Csr.
650 625 814 701 Theocriti
843 646 973 690 carmen
1002 626 1194 696 Anacreon-

142 729 244 794 ticum
256 727 304 795 ld.
319 733 371 796 30.
395 724 507 812 Gierig
521 727 563 794 ad
578 729 676 797 Ovid.
689 728 767 797 Met.
780 729 839 809 X.,
861 732 936 798 713.

196 902 200 910 ’
247 924 276 965 v.
292 903 346 968 67.
395 900 582 965 VictaVcnus
595 886 716 980 dolore,
737 900 788 966 vel
799 899 875 966 fatis
885 897 1058 987 concedere
1072 913 1189 966 coacta.

142 1001 225 1069 luno
252 1003 337 1091 apud
365 1003 456 1086 Virg.
484 1000 565 1068 Aen.
591 1002 631 1084 l.,
659 1006 725 1070 37.;
777 1006 867 1069 Mene
895 1009 1013 1084 incepto
1045 1005 1191 1068 desistere

142 1112 296 1183 uictum]
315 1105 503 1174 Wernsd.
546 1103 661 1170 Aliena
679 1120 751 1170 sunt
774 1105 902 1190 Virgilii
920 1102 1018 1168 verba
1042 1119 1073 1169 et
1095 1104 1190 1190 friget

143 1212 209 1275 ista
225 1211 401 1297 explicatio.
443 1209 566 1289 Immo,
594 1212 723 1278 sirecte
744 1212 862 1290 sentio,
890 1212 974 1271 uicto
997 1207 1189 1278 vocabulum

143 1311 288 1380 subtilius
307 1313 428 1377 indicat
450 1325 593 1380 naturam
608 1313 727 1390 Veneris
740 1316 892 1388 divinum,
914 1333 988 1394 quac
1010 1313 1129 1396 alioqui
1144 1315 1189 1377 la·

143 1421 311 1480 crimurum
329 1418 529 1480 humanarum
551 1420 650 1480 nescio
668 1431 727 1493 est,
748 1420 830 1505 fletu
850 1415 1071 1505 aliquantulum
1088 1420 1189 1502 inqui-

139 1532 257 1585 natam.

247 1697 278 1739 v.
299 1675 353 1740 67.
393 1671 634 1760 Antiquissimis
654 1670 887 1760 exemplaribus
910 1676 1123 1760 perscriptum
1147 1686 1188 1740 eti

144 1788 177 1846 in
198 1786 291 1846 orvis.
336 1776 402 1843 Sed
415 1778 579 1858 Ancaeus,
600 1801 674 1842 cum
689 1776 890 1858 essetArcas,
910 1780 944 1840 in
958 1778 1081 1843 Aetolis
1097 1778 1187 1862 agris,

143 1909 210 1954 non
228 1883 360 1960 inanis,
382 1882 502 1949 cecidit.
544 1881 631 1965 Ergo
651 1903 724 1946 vere
738 1883 871 1944 correxit
884 1879 969 1951 Dan.
985 1879 1139 1948 Heinsius
1158 1888 1187 1945 io

142 1994 240 2055 armis
268 1984 309 2049 ad
334 1983 431 2048 Ovid.
456 1984 535 2051 Met.
558 1981 666 2062 Vlll.,
696 1987 769 2048 391.
818 1982 900 2062 Sed,
935 1983 1029 2067 quasi
1057 1984 1189 2049 nesciret

143 2092 338 2158 eruditorum
359 2087 520 2170 quispiam
541 2086 581 2150 de
601 2106 679 2170 apro
702 2082 880 2170 Calydonio
903 2085 1068 2171 fabulam,
1091 2093 1189 2153 suisa

142 2217 194 2260 suc
222 2206 269 2258 sat
296 2192 405 2274 inepte
434 2189 588 2263 derivavit
614 2188 826 2253 Burmannus.
868 2188 1066 2253 Referuntut·
1092 2190 1188 2275 igitur

142 2298 224 2363 haoc
244 2295 286 2361 ad
299 2295 454 2359 Ancaeum
469 2290 703 2378 bipenniferurm
731 2279 907 2372 Arcadem,
936 2292 978 2356 ab
996 2314 1075 2380 apro
1087 2286 1183 2379 caty-

142 2401 240 2466 donio
249 2400 404 2475 saucium,
416 2396 517 2478 qualis
525 2411 608 2468 extat
619 2396 872 2460 inmonumento
880 2386 1050 2481 Tegeatico
1058 2415 1183 2483 expres·

141 2527 193 2569 sus
219 2516 296 2566 teste
316 2498 481 2564 scholiasta
503 2500 545 2563 ad
564 2498 772 2586 Apollonium
790 2497 834 2578 l.,
859 2503 947 2583 188,
979 2495 1125 2582 Gierigio
1145 2499 1186 2564 ad

142 2604 241 2671 Ovid.
258 2599 337 2669 Met.
356 2599 465 2679 Vlll.,
486 2602 577 2682 391„
598 2601 655 2686 qui
676 2616 839 2685 comparat
856 2600 1070 2688 Euripideum
1084 2601 1185 2666 illud:

139 2706 441 2787 πελέκεωςδίστομον
449 2701 539 2787 γένυν
547 2701 577 2788 γ’
585 2701 688 2771 ἕπαλλῖ
698 2701 895 2790 Ἀγκαῖος.-
901 2702 1182 2787 procdoatwvalde

15 2841 19 2848 ·
141 2813 267 2888 dexter,
286 2804 394 2883 valida
409 2805 518 2870 dextra
530 2828 612 2874 usus.
656 2803 1075 2890 ComparatWernsdorfius
1087 2831 1185 2893 pruc-

141 2915 280 2982 torridus
297 2903 450 2991 Calpurn.
466 2907 533 2973 Ecl.
547 2909 606 2990 11.,
628 2913 679 2976 80.
695 2924 727 2975 et
740 2905 938 2976 Graecorum
951 2914 1186 3000 acpcds'ficoc*

143 3021 260 3086 Cecidit
277 3013 372 3096 igitur
387 3011 432 3073 ita
449 3024 483 3072 ut
498 3027 582 3095 erut,
604 3014 714 3078 dextra
730 3015 811 3079 elata
830 3018 931 3080 ictum
949 3016 1089 3081 inserens
1105 3031 1137 3083 et
1151 3017 1187 3080 in

140 3124 254 3205 digitos
277 3129 398 3180 erectus
417 3116 558 3198 (ingens).
608 3114 763 3182 Formula
788 3120 887 3204 poetis
914 3120 1029 3184 usitata
1057 3134 1093 3184 ut
1117 3133 1188 3184 crat

140 3223 331 3288 viridiorem
351 3216 490 3280 reddidit
505 3219 691 3301 imaginem.
730 3207 985 3304 Ovid.Fasr.1.'‚
1008 3221 1084 3286 424.
1109 3230 1186 3287 st'cut

141 3341 220 3393 crat.
240 3320 422 3386 OvidMet.
438 3321 513 3402 Vi,
537 3321 608 3387 124.
630 3339 717 3409 utque
740 3341 816 3391 erut.
840 3325 919 3392 ibid.
933 3327 1001 3406 Vl.,
1020 3324 1094 3393 657.
1117 3327 1184 3408 lv„

141 3432 215 3498 437.
236 3425 301 3494 etr.
317 3424 391 3490 Iani
403 3418 470 3490 Art
483 3421 570 3492 Poet.
584 3423 656 3492 Lat
670 3452 701 3513 p.
715 3429 790 3497 384.

243 3598 339 3666 669.
385 3597 491 3660 Cultor
507 3596 573 3684 scri
587 3605 667 3667 ordis
679 3603 840 3683 Hercules,
861 3601 948 3685 quod
968 3600 1060 3683 seris,
1081 3603 1185 3680 [mon-

140 3707 226 3785 stris‚
261 3699 403 3788 tyrannis
430 3701 575 3784 sublatis,
610 3709 721 3773 orbem
747 3709 788 3774 ad
815 3707 1041 3771 humaniorem
1064 3706 1185 3770 cultum

140 3803 301 3887 traduxit]
323 3801 506 3870 Wernsd.
565 3811 739 3886 Tyrinthius
770 3812 889 3895 pariter
919 3809 1035 3874 dicitur
1060 3807 1186 3872 Ovidio

140 3911 225 3977 Fast.
250 3906 304 3972 lib.
322 3906 362 3970 V.
390 3927 421 3968 v.
441 3912 514 3974 629.
559 3915 598 3979 ln
620 3913 727 3979 codice
748 3912 905 3979 Thuaneo
936 3928 1002 3978 erat
1029 3936 1090 3997 pua
1119 3915 1185 3977 laus

143 4067 210 4125 teat
232 4051 335 4116 odolla
353 4006 443 4130 psllsi.
463 4051 551 4115 odvia
568 4052 648 4123 bene
662 4053 814 4143 praebent
833 4054 907 4120 libri
920 4053 1093 4140 antiquitus
1112 4053 1185 4118 vul·
