2686 4928
500 367 905 449 -150--.

160 577 292 662 egebant
320 574 525 648 celeberrimo
553 584 706 639 conventu
736 570 837 635 Siculi
866 565 948 654 (Cic.
970 571 1005 634 in
1027 569 1120 635 Verr.
1141 571 1193 638 lV.

163 704 188 749 c.
202 681 279 764 48).
320 679 512 744 Huiusmodi
533 691 643 743 autem
656 673 742 756 loca,
763 674 845 758 qua'e
860 689 972 760 sponte
991 675 1103 757 ignem
1123 698 1195 740 con-

164 783 338 870 cipiebant,
358 781 510 845 ·Vulcano
530 795 649 846 veteres
664 800 753 843 sacra
767 777 940 857 ducebant,
967 778 1057 859 quod
1077 782 1198 845 monuit

166 890 263 954 etiam
279 885 456 950 Salmasius
469 882 616 948 Exercitt.
633 880 713 946 Plin.
726 905 756 966 p.
770 884 821 945 90.
866 880 950 946 Hinc
969 879 1106 947 fabulati
1126 899 1198 962 sunt,

166 994 275 1079 ignem
295 1003 407 1074 sponte
427 989 461 1050 in
483 1007 571 1050 aram
595 984 794 1050 decidentem
815 980 1005 1049 sacrificium
1026 985 1199 1055 incendere.

166 1090 267 1159 Cuius
290 1092 448 1176 opinionis
469 1104 653 1155 vetustatem
683 1087 774 1152 facile
801 1086 877 1151 inde
906 1109 1090 1170 cognosces,
1118 1089 1199 1172 quod

167 1195 253 1281 apud
274 1194 389 1279 priscas
409 1208 512 1275 gentes
539 1213 612 1258 arae
633 1214 697 1257 non
720 1189 1070 1271 intendebam-*sed
1096 1192 1196 1281 ignem

170 1276 315 1361 divintim
335 1295 479 1380 precibus
502 1294 684 1375 eliciebant,
714 1295 769 1378 qui
791 1293 969 1359 incenderet
989 1294 1114 1393 altaria.
1139 1292 1201 1383 ‚Ne

169 1396 286 1476 multa,
313 1411 413 1467 totum
434 1397 626 1462 miraculum
646 1397 807 1462 recondita
825 1396 985 1480 relligione
1007 1397 1204 1463 observatum

170 1515 200 1566 et
214 1500 397 1565 Siculorum
412 1521 467 1564 ore
480 1516 686 1588 pervagatum
701 1500 770 1566 fuit.

273 1663 301 1704 v.
322 1637 524 1705 tae-434.
567 1640 617 1704 Ex
637 1641 694 1718 iis,
713 1661 793 1724 quae
812 1639 1080 1725 supradiximus,
1110 1662 1207 1729 appa·

79 1785 82 1793 ,
171 1757 329 1831 ret-quam
346 1740 442 1807 dubia
456 1741 518 1807 tide
532 1743 669 1807 Aetnam
685 1743 872 1807 intellexerit
884 1743 1011 1813 Ulitius.

275 1922 304 1961 v.
316 1895 388 1962 431.
434 1895 511 1961 Non
526 1911 608 1976 erat,
633 1899 718 1982 quod
736 1897 884 1964 Heinsius
898 1915 1037 1966 mutaret
1048 1901 1209 1989 vulgatam

173 2004 297 2065 reditus.
339 1998 468 2083 Scripsit
488 1998 556 2064 ille:
590 2005 788 2063 introversum
807 2008 917 2068 aditus.
961 2003 1094 2071 Rectius
1115 2008 1210 2073 lohu-

173 2125 267 2166 sonus
289 2102 510 2185 interpretatur
529 2104 642 2163 reditus
660 2124 770 2167 vocem
793 2126 849 2190 per
863 2110 974 2190 flexus.
1017 2108 1106 2175 Tum
1126 2136 1209 2177 moo-

175 2208 229 2265 nia
248 2204 344 2268 silvae
363 2218 504 2288 premunt
522 2213 581 2270 est:
612 2205 722 2288 ingens
736 2207 923 2275 silvestrium
942 2228 1094 2279 structura
1110 2237 1204 2281 saxo-

174 2327 245 2370 rum
260 2320 423 2373 murorum
439 2311 536 2372 instar
551 2329 655 2393 presse
670 2309 880 2377 circumiacet.
1073 2294 1080 2303 ἐ

279 2484 308 2523 v.
325 2461 398 2527 432.
443 2476 547 2543 ruptos
555 2461 663 2547 fauces
676 2483 875 2550 erumpentes
888 2489 969 2549 sese,
990 2467 1124 2556 effusos,
1145 2472 1208 2540 ler-

177 2577 285 2627 ventes
304 2561 546 2647 ebullientesquc
558 2585 632 2629 vere
648 2566 869 2650 interpretatur
887 2568 994 2638 lohns.
1037 2575 1087 2644 Ita
1102 2578 1210 2662 Virgil.

181 2664 372 2747 Georglll,
385 2665 457 2732 428.
474 2665 540 2745 lV.,
553 2671 626 2733 868.
671 2666 758 2733 Male
772 2673 806 2733 in
816 2690 955 2738 mentem
969 2682 1213 2763 veneruntBur-

181 2776 302 2831 manno
315 2773 438 2852 abrupti
449 2792 566 2852 amnes,
589 2785 624 2833 ut
637 2769 692 2835 Sil.
707 2772 773 2836 ltal.
787 2776 863 2854 111.,
882 2781 967 2859 196,
989 2781 1047 2844 ubi
1064 2783 1213 2872 scripture

182 2886 229 2936 est
251 2871 356 2936 dubia.
384 2965 386 2971 γ
405 2875 519 2936 Fauces
540 2871 580 2934 de
601 2870 688 2935 hiatu
710 2874 878 2943 fluviorum
901 2883 1019 2962 dictae,
1045 2904 1083 2953 ut
1104 2891 1162 2958 sit.
1180 2895 1211 2959 lt.

181 2975 271 3054 x11.,
294 2978 365 3038 127.
407 2973 488 3039 Plin.
504 2973 544 3039 N.
559 2974 598 3040 H.
614 2975 671 3054 V.,
692 2979 722 3040 9.

278 3152 313 3194 -ν,
329 3127 401 3194 488.
450 3132 579 3213 Vulcano
597 3135 737 3196 condicta
754 3137 866 3200 domus.
911 3139 1009 3208 Totus
1031 3145 1120 3215 locus
1141 3148 1210 3215 diei·

182 3247 234 3296 tur
247 3236 364 3311 domus,
403 3230 541 3316 Propert.
563 3232 634 3312 lV.,
655 3237 703 3314 4.,
723 3236 769 3301 6.:

431 3367 550 3429 Silvani
571 3389 692 3431 ramosa
714 3374 832 3446 domus,

185 3498 293 3580 vngn
309 3495 386 3561 Aen.
405 3497 444 3575 t,
467 3501 553 3563 ree:

431 3666 474 3679 -
496 3635 703 3717 Nympharum
724 3641 836 3705 domus.

188 3763 356 3825 condictam
375 3779 476 3843 vocat,
499 3779 603 3850 utpote
617 3777 780 3838 communi
797 3777 944 3842 omnium
964 3801 1118 3852 consensu
1132 3786 1216 3855 dedi·

186 3880 298 3932 catam.

289 3991 377 4051 quam
404 3942 502 4032 subier-
527 3980 607 4036 eunti
626 3988 732 4055 stagno
757 3986 872 4064 sedant,
911 3984 1054 4053 dativum
1077 4005 1217 4057 notamus

189 4069 387 4140 Graecorum
407 4078 545 4140 sermoni
567 4077 784 4148 assimilatum.
834 4088 985 4157 llerodot.
1007 4093 1065 4174 ll.,
1090 4097 1140 4161 tt.
1160 4085 1216 4160 riri

230 4267 284 4387 ,ἢ
317 4328 321 4341 Ι
