2686 4928
509 396 592 415 ...
644 356 714 452 101
751 298 855 421 ζ...

150 558 194 624 ad
218 578 375 645 muoso
396 558 621 642 emaduisse,
648 561 743 645 alter,
772 585 837 649 quo
857 587 875 633 e
895 587 1010 653 pascuo
1037 569 1079 635 ad
1098 570 1200 638 cubile

150 684 249 727 soom
267 662 368 740 redit,
395 682 460 726 non
476 662 584 743 aliter,
605 686 704 750 quam
721 668 855 733 iccirco
874 671 937 736 duo
959 674 1104 758 otdnquc
1122 695 1198 759 spa-

149 765 307 848 tia-suot]
329 762 428 830 Ulit.
470 763 624 849 Displicet
643 769 830 837 substantivi
852 775 981 840 omissio
1000 776 1035 839 io
1055 781 1197 842 Lechaeis
1291 842 1296 847 .

149 869 303 947 nomine,
323 867 390 932 sive
402 869 611 934 Corinthiacis.
646 870 868 955 Quamoluem
874 875 1042 941 Barthiani
1056 879 1128 943 libri
1144 881 1198 943 in-

148 972 407 1058 terpunctionem
432 970 608 1056 probamus
630 973 728 1038 hanc:
753 978 907 1054 Incubuit,
940 988 1063 1063 spatiis,
1099 987 1196 1068 qualis

147 1103 180 1161 p.
193 1079 232 1140 L.
260 1072 340 1139 Solo
353 1077 520 1138 incumbere
532 1075 630 1140 verbo
642 1076 683 1141 de
696 1099 788 1142 cursu
802 1080 931 1145 incitato
946 1085 1042 1147 utitur
1055 1083 1195 1150 Ovidius

147 1178 227 1244 Met.
241 1176 298 1242 lib.
313 1176 371 1257 X.,
393 1175 466 1241 667.
509 1176 643 1244 Isthmia
658 1183 834 1248 certamina
852 1183 1040 1270 significari,
1065 1188 1100 1249 in
1121 1187 1194 1250 vul·
1305 1233 1310 1241 ·

151 1305 212 1368 goe
229 1293 275 1345 oet
295 1293 426 1358 uotum,
453 1280 567 1363 quibus
587 1281 670 1346 ludis
690 1280 898 1371 Lechaeum,
918 1306 1025 1378 portus
1039 1288 1193 1371 Corinthi,
1232 1336 1235 1341 ι

155 1382 290 1490 celebre.
313 1381 397 1446 ·Vid.
413 1379 494 1447 Plio.
510 1382 553 1452 N.
569 1384 609 1452 H.
627 1386 701 1466 lV.,
723 1390 755 1452 6.

249 1593 281 1636 v.
294 1571 373 1637 228.
414 1566 654 1636 Thessaliorum
670 1594 826 1659 equorum
840 1575 939 1642 uirtus
960 1577 1189 1644 laudatissima.

141 1671 322 1759 Antiquam
337 1670 379 1738 de
392 1671 540 1758 Neptuno
561 1673 662 1764 ἱππίῳ
688 1676 754 1741 sive
769 1683 905 1766 πετραίῳ
919 1679 1067 1744 fabulam
1083 1683 1207 1746 conscr'

140 1777 236 1864 apoll
262 1773 414 1839 vossium
443 1776 485 1839 ad
517 1777 601 1864 Virg.
632 1775 748 1863 Georg.
771 1779 796 1840 l.
821 1799 851 1843 v.
874 1780 922 1846 14.
968 1783 1008 1847 V.
1028 1782 1124 1850 schol.
1146 1784 1189 1849 ad

139 1876 383 1963 Pindenl‘yth.
398 1877 470 1960 lV.‚
490 1880 563 1948 246.
596 1878 719 1948 Lucan.
738 1878 811 1959 VL,
833 1881 906 1946 396.

254 2086 286 2128 v.
298 2064 367 2132 229.
410 2063 533 2151 Stirpcs
551 2080 581 2130 et
602 2087 719 2149 genera
739 2090 895 2154 equorum
919 2070 1000 2142 olim
1022 2070 1189 2140 aestimata

140 2168 285 2238 suerum.
316 2164 354 2233 V.
370 2165 509 2233 luvenal.
522 2168 589 2236 Sat.
603 2168 708 2255 Vlll.]
721 2170 857 2238 Barth.

242 2379 275 2423 v.
290 2358 502 2447 ²³0···²⁵3·
547 2352 635 2438 Lege
662 2355 840 2422 cohibitum
859 2368 904 2422 est
926 2358 1012 2420 canis
1032 2353 1187 2438 officium,

143 2480 233 2542 tum,
261 2481 304 2525 ne
329 2459 430 2523 nimio
451 2458 565 2523 ardore
586 2457 765 2546 latratuque
786 2460 911 2527 hostem
932 2461 1076 2539 lacessat,
1105 2474 1197 2539 tum,.

146 2587 188 2633 ne
199 2564 328 2647 vestigia
340 2562 438 2628 semel
454 2561 574 2627 calcata
588 2563 754 2648 relinquat
797 2563 953 2652 Congruit
965 2563 1060 2650 plane
1072 2563 1187 2629 Xeno-

141 2670 228 2759 phon
241 2668 284 2733 de
300 2688 370 2731 ven.
386 2687 412 2731 c
429 2666 485 2732 111.
507 2670 536 2751 §.
560 2668 590 2729 6.
614 2664 876 2754 ὖπολαμβάνουσα
897 2703 942 2717 -
963 2669 998 2735 ἐκ
1015 2675 1071 2736 τοῦ
1085 2668 1186 2751 πρός-

140 2782 200 2843 &ev
212 2807 260 2824 -
272 2776 366 2855 layci.
388 2766 443 2833 csr.
457 2791 553 2855 supra
572 2791 601 2832 v.
624 2775 695 2836 189.
739 2775 890 2835 Facerem
912 2770 1070 2857 explicant
1087 2770 1185 2835 ardo-

138 2901 230 2956 rem,
266 2873 479 2955 alacritatem,
513 2895 596 2958 quae
620 2886 665 2938 est
689 2895 726 2940 ex
749 2874 852 2938 studio
876 2872 1023 2957 placendi
1043 2874 1185 2937 domino.

143 2980 310 3065 Quantum
328 2977 361 3038 in
382 2991 469 3040 tauta
487 2976 578 3067 verbi
594 2976 800 3061 ambiguitate
820 2974 977 3057 intelligo:
998 2987 1204 3037 venatorum.
1304 2966 1307 2970 ’

141 3082 273 3171 quidem
294 3079 459 3167 proprium
473 3079 649 3160 illuderet,
672 3083 727 3146 sed
740 3079 909 3145 deductum
923 3077 964 3142 ab
980 3075 1185 3141 acclamatio·

140 3185 257 3266 mbos,
280 3182 398 3269 quibus
419 3197 605 3268 spectatores
624 3183 660 3244 in
683 3182 766 3247 ludis
787 3184 919 3248 incitare
942 3181 1081 3248 studium
1105 3199 1184 3242 con-

139 3301 321 3357 sueveruut.
364 3285 427 3349 Hic
441 3300 486 3351 est
500 3288 587 3357 enim
594 3286 692 3370 fauor
703 3286 887 3373 appellatus.
931 3284 1017 3349 Vide
1026 3283 1124 3346 Drak.
1141 3283 1184 3347 ad

140 3389 352 3471 stt‚,1c.xvl.
371 3412 401 3456 u.
417 3387 489 3453 314.
531 3387 618 3475 Ergo
630 3390 695 3469 sibi
711 3391 777 3475 ipse
791 3390 882 3474 quasi
904 3389 988 3453 favet
1002 3401 1032 3450 ct
1046 3384 1182 3470 applau-

142 3495 312 3560 ‹lit'nimia
332 3513 390 3557 sua
412 3491 585 3569 alacritate.
631 3489 698 3556 Csr.
719 3492 829 3558 Burm.
851 3493 892 3555 ad
914 3490 1049 3554 Phaedr.
1076 3487 1130 3567 V.,
1151 3492 1182 3554 6.

140 3599 216 3664 Plus
231 3594 450 3676 ambiguitatis
464 3599 559 3661 verbo
574 3595 654 3660 inest
661 3594 771 3680 fauere
786 3593 871 3660 inira
891 3615 981 3656 versu
994 3590 1068 3657 240.
1084 3577 1128 3639 -ss
1145 3617 1182 3656 ne

145 3707 249 3766 redeat
270 3705 408 3771 iactura,
434 3721 476 3763 ne
496 3700 661 3762 amittatur
679 3720 823 3777 rursum,
859 3696 909 3762 vel
933 3694 1074 3762 elabatur
1104 3696 1181 3774 lero,

144 3826 223 3892 quae
237 3824 336 3891 prope
352 3801 547 3890 deprehensa
561 3809 649 3888 erat]
669 3801 851 3869 Wcrnsd.

245 4012 274 4054 v.
285 3997 357 4056 232.
403 3992 450 4055 Nc
464 3993 555 4052 levam
570 3995 719 4074 praedam
734 3990 1016 4064 intervenientem,
1038 3999 1090 4047 aut
1103 4007 1182 4068 praa

150 4099 239 4173 piaris
254 4100 386 4177 pignora
401 4098 479 4160 lucri
488 4112 505 4175 ‚·
516 4095 647 4178 vestigia
660 4095 746 4167 serae
761 4095 839 4164 alius
852 4093 981 4181 propius
994 4088 1130 4166 latentis,
1152 4102 1182 4154 ct
