2686 4928
399 454 403 465 ¹
517 402 602 425 ·-···
652 366 862 466 lii,—

155 559 374 650 Ἐλεφαντίνης
388 563 511 651 redime,
529 568 649 653 inquit,
675 565 742 636 ἅνω
763 569 867 641 ἰόντι
882 569 993 650 drevic
1010 571 1076 642 ion
1094 575 1208 662 χωρίον

156 682 220 734 etc·
264 666 343 733 vid.
365 664 582 737 Matthiaeom
603 668 661 739 Gr.
681 695 726 757 gr.
746 676 776 757 §.
795 680 870 745 888.
887 676 930 743 ·b.
974 675 1029 743 Sic
1056 673 1205 766 Calpurn.

154 769 223 840 Eel.
238 770 336 850 vlt,
354 773 425 837 88st
444 775 496 837 Sic
512 772 740 861 ttbl'plonitiem
759 811 802 827 -
824 784 920 843 ambit
939 802 1062 846 arenae.
1105 780 1205 867 Quod

155 873 350 939 monuimus
360 873 494 956 iccirco,
516 894 551 942 ut
567 877 727 945 irritabat
741 878 866 946 Heinsii
881 885 1048 949 correctio:
1068 907 1128 967 qno
1140 887 1204 950 sut·

157 981 248 1060 pluro
270 981 426 1045 trruncrr‘s.-
457 979 688 1047 Incredibiliter
710 982 837 1070 lapsum
860 987 949 1053 vides
969 983 1202 1071 Burmannum,

154 1082 210 1169 qui
222 1085 309 1145 amai
320 1078 366 1147 ad
380 1081 565 1150 Vulcanum
577 1083 725 1152 retulerit.

231 1226 240 1307 J
262 1261 293 1302 v.
311 1232 389 1301 484.
417 1240 542 1303 sedena
571 1243 675 1306 sedere
693 1240 814 1306 dictum
834 1257 882 1308 est
903 1242 942 1307 de
963 1240 1058 1308 rebus
1084 1242 1200 1328 pressis

155 1353 192 1405 et
202 1358 287 1423 qpae
298 1337 416 1403 humili
429 1338 497 1405 loco
509 1344 626 1428 positae
640 1356 721 1409 sunt.
765 1344 923 1431 Exempla
937 1345 1089 1430 congessit
1094 1345 1204 1411 Heius

158 1443 227 1507 sins
247 1442 292 1507 ad'
308 1440 426 1506 sitium
449 1443 687 1528 1u1.V.,4583.
730 1450 816 1514 Venis
834 1452 955 1533 oleoque
975 1448 1011 1515 ‘iv
1031 1445 1082 1516 aad
1102 1453 1198 1518 troo.

157 1548 379 1630 ltaqneoioum
394 1547 490 1609 oleum
510 1562 592 1612 recte
607 1571 681 1613 cum
698 1550 769 1615 aliis
788 1549 1031 1636 interpretabere
1050 1551 1196 1639 bitumen

148 1652 217 1716 sire
229 1646 427 1734 mplltbam,
456 1651 733 1733 quemadmodum
752 1669 919 1720 occurrunt
937 1656 999 1718 ista
1019 1655 1054 1717 in
1075 1651 1196 1723 Avemi

146 1732 362 1838 descriptione
375 1750 470 1816 -Silio
483 1753 566 1818 -ltal
593 1752 700 1832 Xlll,
739 1759 810 1820 133.
867 1752 1043 1838 Comparat
1078 1754 1192 1822 Burm.

146 1865 259 1924 ninum
271 1856 418 1939 lapidem,
439 1860 542 1918 vivam
558 1879 683 1941 aquom,
704 1862 805 1921 vivum
818 1859 958 1941 sulphur,
979 1853 1108 1921 similia.

259 2033 291 2074 v.
303 2004 373 2075 486.
410 2009 551 2095 Deserta.
594 2007 647 2076 Ad
667 2012 877 2080 defectionem
896 2011 1031 2097 adacta]
1051 1984 1200 2079 Barrus

148 2118 251 2182 molo.
289 2114 339 2187 lu
360 2115 473 2177 malam
499 2127 612 2197 pestem
635 2117 716 2182 dixit
742 2131 837 2203 supra
858 2120 931 2185 887.
962 2117 1061 2184 etita
1090 2120 1189 2196 ignem

142 2222 264 2284 malum
278 2219 360 2294 Iovis
378 2214 496 2281 Statius
515 2216 592 2280 silv.
611 2218 669 2298 V.,
691 2221 732 2298 l.,
756 2221 827 2287 152.
843 2241 902 2305 pro
917 2225 1035 2292 noxio]
1056 2217 1187 2286 Burm.

143 2321 213 2387 etr,
236 2314 613 2416 virg.Aqn.111.‚398.
662 2324 738 2384 Vidi.
769 2337 875 2386 utrum
898 2323 964 2405 ipse
985 2319 1116 2398 viderit,
1145 2342 1188 2384 an

146 2422 430 2501 iandoaudiverit,
450 2421 530 2484 nihil
545 2422 679 2506 pertinet
698 2423 738 2487 ad
753 2439 891 2510 poetam.
932 2420 1062 2486 Frustra
1080 2420 1114 2482 in
1135 2420 1186 2482 his

148 2527 330 2596 laborarunt
343 2524 463 2590 Ulitins
476 2525 753 2611 Burmannusque

247 2704 279 2747 v.
294 2680 366 2745 486.
409 2686 561 2759 graviore.
586 2680 690 2760 malo,
715 2682 874 2762 videlicet,
894 2678 980 2764 quod
999 2679 1125 2761 gravius
1138 2689 1185 2742 est

144 2786 224 2866 illis,
240 2805 324 2871 quae
340 2782 482 2847 humana
495 2798 623 2868 possunt
641 2800 706 2846 arte
722 2783 843 2868 expelli.
861 2782 915 2846 cst.
924 2804 972 2845 vv.
989 2782 1064 2846 849.
1078 2779 1152 2847 860.

248 2963 279 3003 v.
297 2936 371 3004 487.
417 2933 603 3000 Contortum
624 2953 686 3019 est,
716 2936 800 3020 quod
823 2933 967 3020 plerique
984 2933 1113 3006 docent,
1137 2932 1182 2992 ita

146 3044 245 3110 verba
257 3040 463 3107 construenda
479 3061 558 3104 esse:
582 3042 622 3103 Te
632 3044 778 3124 primum,
806 3041 942 3112 Vulsone,
964 3037 1064 3099 incolo
1078 3044 1182 3095 sancte

143 3152 222 3221 loci,
239 3166 400 3231 pacemque
415 3144 443 3204 T
442 3166 511 3203 nom
524 3167 703 3227 precamur,
723 3142 907 3224 videturque
922 3143 968 3204 ita
983 3143 1043 3201 loci
1060 3132 1180 3200 riomen

142 3255 174 3314 vi
188 3251 372 3315 destitutum
391 3247 489 3311 omni.
533 3245 769 3329 Saepenumero
784 3248 843 3309 loci
859 3242 1050 3308 vocabulum
1066 3238 1186 3305 adiici-·

140 3371 190 3420 tur
205 3350 364 3417 adverbiis
378 3370 434 3433 per
455 3349 676 3433 pleonasmum
696 3348 851 3432 aliquem,
870 3362 917 3411 ut:
939 3350 1008 3409 inde
1028 3348 1088 3409 loci
1105 3341 1178 3405 Lu-

140 3472 215 3524 cret.
229 3456 287 3532 V.,
308 3445 383 3518 439.
397 3473 470 3537 pro:
492 3455 561 3514 inde
583 3455 621 3514 ob
643 3475 676 3516 eo
695 3456 761 3514 loco
780 3450 828 3515 vel
848 3470 938 3513 mero
952 3451 1039 3523 inde;
1069 3448 1177 3549 ibidem

140 3564 201 3625 loci
229 3556 330 3623 Plane.
349 3551 425 3619 Cist.
452 3557 476 3619 l.
498 3578 526 3620 v.
547 3555 600 3622 56.
651 3557 853 3620 Vechnerum
874 3550 981 3615 confer
1005 3548 1127 3613 Hellen.
1154 3551 1178 3614 l.

140 3678 221 3748 part.
239 3660 281 3723 ll.
309 3680 335 3724 c.
354 3657 411 3723 Vl.
439 3682 470 3741 p.
495 3662 565 3724 180.
586 3660 679 3723 Heus.
730 3660 856 3740 ltaque,
889 3655 949 3718 nisi
970 3652 1079 3733 fallor,
1105 3660 1176 3737 pria

143 3788 223 3831 mum
245 3765 307 3826 loci
326 3775 370 3827 est
390 3760 603 3842 iungendum,
631 3763 719 3847 qnasi
738 3761 850 3825 dixerit
858 3784 870 3827 ε,
885 3762 985 3841 primo
1001 3760 1083 3832 loco,
1105 3771 1177 3820 onte

143 3873 264 3939 omnia,
291 3867 332 3927 Te
352 3887 527 3947 precamur,
562 3868 731 3929 Volcanum.
781 3862 959 3925 Vulcanum
983 3862 1087 3943 itaque
1109 3862 1177 3940 pri-

144 3992 236 4034 mum
266 3967 493 4052 implorabant,
524 3982 630 4051 utpote
654 3963 729 4034 θεὸν
753 3968 924 4053 ἐπιχώριον.
967 3964 1064 4031 Addit
1092 3963 1176 4023 Bur-

144 4095 298 4140 mannus:
326 4072 430 4159 solitos
451 4069 544 4134 luisse
565 4085 680 4137 veteres
696 4094 794 4136 unum
808 4091 930 4156 semper
947 4071 1041 4136 deum
1058 4064 1179 4151 precari
