2686 4928
264 378 268 387 '
523 405 615 427 ··--
664 366 715 449 53
766 407 853 431 -·-

162 573 278 661 dunig.
293 566 375 655 lv„
396 566 470 641 ste.
488 570 709 659 porticorum
730 573 948 641 inventionem
969 572 1063 645 nun
1084 595 1220 669 progre-

119 713 128 752 η
158 681 298 756 ,ttuuun
308 676 460 743 homines
475 674 716 745 suaindnsuia:
1013 695 1041 710 ··
1194 701 1200 716 “

113 715 124 870 l
139 789 165 870 ql
181 803 218 837 rs:
247 788 327 869 Quia
341 784 425 847 Dens
438 783 535 853 laone,
555 782 680 856 Musae,
700 785 765 866 quis
777 782 861 845 nobis
876 781 995 845 extudit
1009 787 1132 849 artem?

126 901 130 916 ¹
157 887 223 962 :dt-¹²·
244 887 338 951 Unde
354 904 437 947 norro
452 888 601 963 ingressus
611 886 764 947 hominnm
779 888 967 967 experientia
983 891 1087 970 cepit?
1192 907 1195 918 ·

113 925 134 1062 l
158 987 248 1057 *illud
256 1003 345 1057 recte
357 981 873 1073 profectirestripsitliurmannus
887 984 1213 1056 cannamomum.

113 1047 309 1230 qiNihihm
331 1104 395 1169 eet,
422 1088 512 1175 quod
526 1088 664 1177 proferto
684 1088 800 1155 maluit
818 1089 969 1181 Heinsius¹
989 1088 1106 1177 Syllog.
1121 1094 1212 1177 epist.

155 1195 199 1278 T,
215 1195 281 1261 lll.¹
297 1217 331 1281 p.
352 1192 431 1257 740.
460 1190 500 1259 T.
522 1192 580 1261 IV.
601 1218 633 1280 p.
651 1192 727 1261 294.
771 1192 924 1259 lolmsoni
950 1192 1210 1259 emendationem

143 1299 226 1379 mitt,
241 1295 355 1363 abiecit
370 1295 442 1359 iure
459 1294 680 1377 Burmannus,
707 1316 785 1360 nam
800 1295 961 1363 lohnsono
975 1298 1002 1363 si
1019 1296 1113 1381 friget
1129 1298 1209 1373 atra,

159 1481 162 1490 Ι
195 1389 206 1424 “’
267 1407 313 1468 e'st
330 1401 368 1465 in
386 1397 477 1464 libris
489 1400 719 1485 antiquioribus
734 1398 900 1480 omnibus,
922 1401 1053 1467 admisit
1071 1401 1159 1488 ipse,
1177 1399 1207 1466 ri

138 1493 155 1546 ¹¹
228 1503 364 1591 planet,
390 1502 578 1588 scripturam
609 1503 757 1567 omnium
786 1502 1071 1587 languidissimam.
1120 1499 1206 1568 Cum

157 1611 249 1678 enim
264 1620 336 1691 post
354 1602 511 1667 uocabulo
527 1606 627 1669 serior
647 1619 734 1670 aetas
747 1606 921 1689 significata
939 1610 995 1688 sit,
1021 1618 1134 1694 sponte
1151 1605 1206 1668 in*

113 1663 295 1814 'euuigiu
330 1728 396 1771 non
421 1710 554 1781 eosdem,
588 1707 644 1772 sed
673 1710 752 1769 alios
779 1707 926 1772 homines
949 1707 1205 1775 commemorari.

121 1867 126 1884 .
157 1818 301 1898 Propior
322 1822 371 1876 ert
388 1822 493 1876 autem
507 1808 562 1876 via
580 1814 755 1892 promptior
775 1813 820 1872 ad
835 1825 977 1874 uenatum
996 1813 1203 1877 exercendum.

157 1918 262 1988 luha
276 1911 461 1981 nituisti:

171 2043 180 2060 ··
309 2071 312 2078 .
348 2062 352 2070 .
414 2016 504 2093 eutr,
535 2036 595 2099 qua
612 2020 740 2099 propior
758 2020 864 2098 patuit
882 2021 936 2082 via

161 2167 179 2190 ''
269 2190 301 2239 v.
323 2169 353 2260 ti.
372 2174 500 2248 sociam]
530 2169 646 2236 locutio
668 2191 686 2235 e
708 2170 815 2236 castris
837 2155 980 2259 sumpta,
1013 2187 1049 2239 ut
1068 2184 1099 2239 et
1119 2172 1205 2238 rebus

153 2276 325 2392 gemmis]
346 2267 482 2386 totins.

252 2454 291 2499 n.
306 2432 339 2494 7.
353 2442 467 2500 erectus
479 2441 564 2495 extat
577 2425 699 2508 inMS„
712 2426 847 2510 Aldina,
868 2426 1091 2515 Steyneriana‚
1113 2422 1204 2509 Gry·

164 2535 287 2621 pbiana.
330 2530 452 2599 Ulitius
463 2532 606 2597 Tumebi
620 2536 746 2600 monitu
758 2536 899 2620 reposuit
915 2549 1075 2617 rectusque.
1118 2524 1204 2593 Scri·

159 2629 286 2725 ptur'am
311 2657 390 2701 vero
417 2636 585 2721 antiquam
614 2636 705 2701 illam
737 2638 982 2724 praeferendam
1014 2633 1205 2710 iudicamus,

155 2745 385 2829 quippe-quae
404 2738 526 2822 pondus
544 2741 579 2801 in
594 2761 628 2803 se
648 2740 841 2806 admirabile
861 2740 980 2805 lrabeat
993 2736 1203 2830 ab'opposito

155 2848 277 2918 cecidit,
294 2842 381 2927 quod
394 2842 548 2925 scriptum
563 2843 656 2906 estin
672 2842 904 2929 exemplaribus
916 2841 1053 2927 antiquis
1066 2854 1096 2931 et
1107 2853 1204 2905 nota-

158 2965 229 3036 tum
243 2940 373 3028 scarp.
395 2942 528 3007 Bartlrio
548 2946 590 3009 ad
610 2941 776 3011 Claudian.
797 2946 890 3030 Rape.
910 2943 986 3022 tlt,
1016 2944 1092 3007 273.
1134 2936 1202 3002 Sed

158 3051 197 3118 ἰ
215 3050 356 3117 eiusdem
372 3044 496 3109 Bartlrii
512 3047 649 3113 editione
669 3049 872 3113 librariorum
885 3050 926 3113 ab
940 3045 1064 3111 incuria
1075 3041 1202 3106 videtur

157 3160 244 3221 cessit
258 3148 447 3237 profectum.
490 3148 581 3214 Nihil
594 3166 707 3216 auteur
719 3152 912 3239 frequentius
923 3164 984 3229 est,
1005 3145 1202 3232 inquitBur·

155 3278 314 3332 mannus,
340 3250 525 3318 confusione
542 3255 713 3319 verborum
734 3260 843 3322 eadere
864 3270 896 3322 et
913 3258 1025 3320 cedere.
1068 3250 1129 3317 llla
1147 3264 1202 3317 ta-

155 3382 235 3429 men
253 3356 371 3422 locutio
388 3368 471 3418 retro
489 3361 599 3422 cadere
621 3360 677 3423 etsi
690 3359 879 3425 Burmanno
891 3356 1058 3433 videbatur
1076 3366 1202 3440 praeter

154 3463 348 3532 latinitatem
367 3473 532 3542 usurpata,
559 3483 624 3527 non
643 3477 706 3541 est,
734 3464 819 3547 quod
838 3483 894 3548 per
916 3480 950 3524 se
965 3479 1007 3522 ac
1020 3469 1148 3543 propter
1167 3476 1203 3523 se

156 3561 331 3651 vituperari
348 3574 456 3643 queat.
499 3562 645 3629 Rationis
662 3579 770 3631 autem
790 3581 822 3633 et
845 3563 964 3629 ordinis
984 3556 1201 3625 inevitabilem

154 3671 226 3733 rim
242 3665 318 3751 quis
337 3684 404 3732 non
418 3682 493 3730 cum
508 3663 645 3731 fulmine
660 3670 775 3734 sentiat
794 3690 861 3734 osse
878 3678 1112 3751 comparatam,
1133 3681 1200 3747 quo

155 3790 309 3860 percussa
329 3773 401 3830 non
416 3768 495 3832 redit
517 3768 667 3834 violentia
690 3787 792 3855 retro,
818 3771 875 3838 sed
894 3774 988 3837 eadit.
1033 3767 1134 3839 Aliud
1155 3777 1200 3832 est

151 3876 252 3960 igitur
266 3886 296 3938 et
310 3870 410 3936 lenius
425 3867 546 3934 dietum
563 3871 604 3936 ab
618 3873 768 3941 Horatio:

183 4005 204 4028 ·-
331 3986 364 4038 at
381 3973 488 4052 vulgus
500 3978 530 4033 in
540 3980 623 4040 nlnrn
637 3992 666 4044 rt
679 3984 823 4047 merett'ln
838 3992 921 4045 retro

167 4083 248 4136 =·····-l··
264 4104 297 4146 nr
312 4135 315 4142 .
332 4078 462 4170 Peripru
482 4080 566 4158 pedit·
585 4116 627 4131 »-
