2686 4928
502 365 848 449 ...m-..-

142 542 345 641 sententiae:
359 569 665 656 scemmenstete
685 592 730 623 ⁶·
748 573 846 635 discet
860 581 917 635 etc.
941 568 1016 641 'Sic
1031 571 1120 639 enim
1135 574 1195 643 hae

143 678 237 745 betur
261 680 359 763 Quen
371 679 401 739 si
414 677 564 749 audacia,
583 678 686 744 uicina
698 677 871 762 plerumque
882 675 1003 752 sceleri,
1029 679 1197 762 impulerit,

146 794 181 845 ut
197 783 258 844 hue
279 781 402 854 umas,
415 779 517 843 disca
538 790 598 844 ete.

196 928 229 985 ·'
252 957 285 1019 ν.
302 931 378 1009 456.
418 906 532 1021 Discus
551 929 621 1017 ille,
649 946 805 1018 quantum
828 898 933 1017 poena
955 933 1053 1018 possit
1075 933 1196 1017 divina,

151 1038 344 1125 &fitiorum
355 1033 460 1111 ultrix.
502 1032 589 1127 llere
603 1036 824 1120 interpretatur
837 1032 988 1101 Wernsd.
1010 1040 1091 1111 iram
1109 1062 1197 1129 cerre-¹

149 1148 290 1217 mam,
315 1157 429 1225 „quae
443 1137 620 1205 commissis
640 1138 810 1204 sceleribus
826 1152 997 1229 provocata
1018 1154 1049 1205 et
1063 1163 1197 1228 prome·

148 1247 216 1311 rita
241 1249 323 1313 ω.
371 1239 586 1327 Luquutionis
613 1262 714 1325 genus
744 1240 947 1326 explanatum
978 1243 1089 1311 estad
1116 1265 1195 1327 vers.

155 1351 233 1415 237.
268 1346 378 1437 ltaque
397 1345 518 1419 diverse
536 1343 760 1429 explicavimus
781 1350 862 1409 iram
882 1340 985 1413 Fuir'is
1005 1354 1197 1415 commissam

111 1516 115 1521 ,
157 1470 254 1539 supra
270 1470 361 1515 uersu
379 1447 451 1513 374.
489 1446 584 1513 Haud
602 1447 701 1514 semel
722 1448 888 1514 observare
908 1449 980 1515 licet
998 1452 1085 1537 apud
1105 1448 1197 1519 Gra-

157 1555 238 1618 tium
258 1551 431 1619 eorundem
444 1551 615 1614 verborum
634 1565 820 1616 structuram
835 1550 994 1632 similem,
1014 1552 1070 1618 sed
1087 1555 1197 1620 direr-

151 1674 224 1721 sem
235 1652 509 1739 sigmficutiouem.
551 1650 617 1718 cfr.
629 1675 678 1718 vv.
693 1657 766 1719 372.
783 1668 814 1718 et
827 1652 902 1719 414.
943 1656 1041 1719 Deum
1052 1679 1132 1738 pene
1144 1680 1196 1724 se-

149 1772 290 1844 quemur
301 1779 367 1823 mn
380 1755 480 1819 alium
494 1755 627 1834 habeto,
648 1776 747 1865 quam
762 1776 901 1839 poenam
915 1756 1135 1838 pedisequam.

263 1886 506 1957 etta-458.
551 1886 663 1954 Prohis
676 1901 786 1951 contra
795 1885 935 1983 molliter
947 1888 1130 1954 accenditur
1142 1914 1196 1960 sa-

155 1992 333 2073 militium,
347 1991 432 2077 quod
449 1994 577 2089 signum
591 1989 709 2056 favoris
723 1984 823 2054 divini
836 2002 890 2056 est.
935 1991 1045 2076 ltaque
1058 1991 1130 2060 lene
1143 2018 1198 2063 sa-

156 2094 272 2162 crificii
293 2094 327 2161 iit
349 2086 552 2173 incendium,
572 2112 776 2178 ‚rursumque
794 2107 906 2180 sponte
931 2114 990 2160 sua
1014 2097 1050 2160 in
1071 2101 1201 2165 anirum

154 2202 291 2268 flamma
311 2200 439 2264 recedit.
484 2196 642 2262 Tironunu
661 2198 848 2277 ingratiam
865 2218 1036 2264 monemus
1056 2200 1096 2266 de
1114 2203 1199 2271 libe-

150 2304 239 2370 riore
254 2300 426 2367 verberum
436 2315 605 2366 structura:
626 2302 674 2359 cui
690 2300 767 2359 bona
780 2320 860 2362 meus
872 2313 934 2381 est,
945 2331 990 2349 ·-
1003 2304 1091 2367 illam
1107 2328 1199 2372 aram

155 2408 278 2483 emtis,
330 2402 441 2471 effecta
474 2424 531 2490 per
566 2398 801 2465 anacoluthiam
836 2401 1007 2484 quandam.
1070 2404 1200 2474 Planius

159 2508 285 2575 dixisset
302 2509 411 2572 enim:
443 2513 491 2571 eui
511 2509 588 2575 bona
612 2527 692 2568 mens
719 2519 778 2581 est,
806 2539 850 2553 -
876 2510 938 2569 eius
965 2528 1056 2571 aram
1082 2509 1202 2578 lambit.

160 2610 253 2697 Quod
274 2630 373 2695 genus
395 2610 561 2694 loquendi,
592 2607 635 2671 ad
658 2605 797 2674 Graecos
825 2610 915 2675 enirn
943 2607 1049 2676 licebit
1072 2616 1200 2697 reverti,

154 2716 299 2800 sequitur
310 2713 513 2798 Thucydides
526 2714 603 2791 Vl,
625 2714 671 2776 6.:
692 2707 748 2775 οὔκ
767 2710 921 2795 ἄχρηστος
942 2712 993 2792 ἥδε
1014 2711 1140 2793 ἧόίνωα
1154 2754 1200 2769 -

154 2816 199 2894 ὅς
220 2853 283 2882 -.
326 2816 428 2880 Aiunt
444 2816 530 2879 enim
545 2813 760 2897 grammatici,
778 2814 864 2898 prius
877 2814 1046 2880 relativum
1059 2816 1111 2902 q'u'r'
1122 2821 1200 2906 poni

155 2941 220 3007 pro
237 2925 356 3005 aquis,
385 2935 422 2985 ut
442 2917 477 2994 ὅς
498 2939 556 3003 pro
573 2917 606 2984 εἴ
620 2940 677 3015 τις.

174 3100 177 3107 -
265 3082 296 3126 v.
318 3058 390 3126 458.
433 3055 558 3123 Centies
579 3057 692 3121 dicitur
712 3059 824 3127 Ῑιονιον,
856 3053 1006 3140 quicquid
1025 3059 1201 3144 imponitur

158 3164 237 3231 ιώ.
280 3163 393 3245 Virgil.
411 3163 492 3227 Aen.
511 3160 584 3240 lll.,
609 3161 679 3224 118.
700 3156 774 3224 547.
818 3153 936 3225 Tibull.
957 3159 1031 3242 lit,
1054 3165 1100 3244 1.,
1128 3167 1203 3232 192.

156 3265 235 3346 lv,
253 3269 307 3344 6.,
329 3274 358 3332 1.
400 3265 543 3351 Propert.
557 3261 633 3344 lv„
652 3265 700 3341 6.,
721 3263 751 3329 6.
794 3260 938 3328 Schmid.
956 3266 999 3330 ad
1011 3264 1088 3331 Hor.
1102 3267 1206 3354 Epist.

158 3369 201 3436 T.
212 3367 256 3434 ll.
268 3391 301 3452 p.
318 3373 368 3434 19.

268 3530 297 3573 v.
313 3506 385 3574 459.
428 3507 598 3571 Rariorem
620 3478 880 3569 constructionem
901 3522 982 3569 esse:
1003 3503 1205 3590 defugerent

160 3621 279 3688 saeris,
299 3610 419 3679 notavit
433 3610 647 3690 Burmannus,

256 3774 300 3820 .v.
314 3751 387 3816 460.
424 3763 549 3828 tangere
562 3751 660 3825 dene,
682 3742 823 3810 oblatum
838 3741 1009 3810 aVulceno
1024 3751 1204 3817 remedium

163 3855 342 3943 usurpare]
364 3851 551 3920 Wernsd.

273 4021 302 4057 v.
312 3991 385 4060 462.
428 3994 487 4055 His
502 3991 677 4077 praesidiis,
698 3986 758 4048 hoc
773 3983 843 4047 oleo
854 3986 982 4066 vienne
997 3988 1067 4057 lacu
1089 4013 1118 4054 v,
1133 3989 1206 4057 434·

167 4104 321 4174 Excuties,
336 4093 526 4184 profligabis,
547 4094 679 4156 merium
696 4103 876 4171 regnamem,
898 4107 1071 4172 grassatum
1086 4114 1142 4180 per
1158 4112 1207 4160 ιο.
