2686 4928
499 354 849 435 -121-

250 577 284 625 ν.
305 553 399 626 eaor
426 560 594 623 ilustrota
613 576 656 627 sc.
679 580 728 637 es,
757 558 910 627 aberrasti
936 571 968 625 et
992 556 1133 625 defecisti
1146 556 1198 625 'ab

138 664 277 749 antiqua
290 664 455 729 malorum
467 678 599 727 tuorum
619 664 729 747 gloria.
751 667 886 739 decoris,
914 686 987 728 usus
1002 686 1091 729 casus
1105 666 1198 749 geni·

140 769 200 833 tiri
213 764 651 851 graecanicus]³Werusd.
695 766 769 833 Vid.
791 766 937 853 Aesclryl.
959 767 1045 835 Pers.
1071 788 1101 832 r.
1121 766 1197 836 478.

141 867 423 963 Blomfidspuvooc
447 877 583 955 φρενῶν,
610 868 756 955 Euripid.
782 869 852 955 lph.
873 870 916 937 Λ.
935 895 964 935 v.
980 871 1053 937 749.
1073 872 1197 948 ἐλπίδος

144 964 180 1043 δ’Ι
189 972 381 1069 ιζιιιαςρληι.
423 970 491 1039 Cfr.
505 973 607 1041 Plaut.
621 972 716 1059 Epid.
733 974 790 1055 ll.,
807 980 839 1039 2.
855 997 884 1038 v.
899 974 951 1044 55.
995 971 1197 1041 Graecorum

142 1076 346 1177 ιῖηῃιῃᾳῦιιμ
371 1092 535 1161 comparat
566 1076 673 1144 lohns.
701 1074 915 1147 Locutionem
948 1102 967 1144 ο
995 1092 1139 1163 quantum
1154 1094 1199 1163 ¹et

142 1188 257 1269 quotics
279 1181 346 1249 vid.
361 1202 412 1269 ap.
427 1178 526 1245 Ovid
540 1178 608 1245 Art.
623 1179 681 1262 ll.,
703 1181 777 1248 447.

248 1304 379 1369 1,.823
421 1302 505 1365 Emi
491 1299 648 1363 trahituh.
670 1319 699 1366 e.
721 1300 808 1385 quod
827 1300 874 1367 illi
902 1301 962 1365 viri
989 1298 1137 1365 habitum
1166 1312 1198 1363 et

152 1373 290 1470 indolem
318 1405 442 1493 priscae
461 1403 586 1468 virtutis
606 1417 638 1467 et
657 1406 874 1489 parsimoniae
896 1419 1083 1485 tenuerunt,
1121 1403 1197 1467 hinc

153 1506 288 1599 Romam
301 1520 472 1595 potuerunt
486 1520 581 1593 caput
593 1506 663 1570 orbi
677 1508 868 1593 imponere]
884 1506 1010 1573 Wern
1019 1511 1072 1575 sd
1118 1508 1199 1573 Erat

148 1594 204 1677 isle
222 1608 331 1679 HF.
355 1607 528 1690 Camillus,
553 1612 693 1675 nominis
721 1612 864 1677 Romani
893 1613 1025 1686 vindex
1039 1630 1109 1698 post
1136 1634 1196 1678 ex·

144 1714 245 1781 ilium
265 1737 286 1779 a
299 1706 403 1779 Gallis
420 1728 577 1798 paratum.
621 1712 700 1777 Eius
714 1714 931 1797 frugalitatem
947 1731 979 1777 et
998 1716 1096 1780 victus
1118 1736 1197 1799 par-

144 1818 324 1885 simoniam
346 1815 457 1880 laudat
475 1816 623 1878 Horatius
638 1810 745 1879 Carm.
762 1819 806 1896 1.,
832 1824 881 1883 12.
903 1840 933 1882 v.
952 1815 1003 1881 42.
1049 1814 1197 1880 Celebrat

148 1920 294 1987 eundem
313 1918 427 1983 Livius
449 1921 492 1999 1.,
521 1923 551 1982 7.
594 1918 663 1983 Nec
686 1916 821 1983 offendit
843 1921 876 1981 in
906 1920 1037 1983 nomine
1063 1921 1196 2005 proprio

149 2022 285 2111 pluralis
298 2044 351 2109 pru
370 2022 519 2104 singulari
533 2045 603 2086 usus
616 2020 888 2106 frequentissimus
902 2023 1022 2102 latinis,
1039 2038 1073 2087 ut
1087 2024 1195 2089 Horat.

150 2126 306 2215 Ερίιι.1,
325 2131 353 2191 1.
373 2148 401 2191 v
414 2125 464 2190 64.
507 2123 595 2190 Alter
616 2122 734 2189 eratC.
757 2125 887 2193 Attilius
910 2126 1082 2212 Serranus,
1107 2131 1195 2194 cuius

146 2230 318 2322 historiam
330 2232 404 2294 crde
418 2251 466 2313 ap
483 2228 652 2295 Valerium
667 2228 755 2291 Max.
770 2229 843 2308 lV.,
865 2230 895 2294 4.
939 2230 1139 2299 PliniurnN.
1152 2234 1196 2301 H.

142 2308 285 2415 111111,
307 2336 337 2399 3.
381 2332 567 2398 Multum
540 2355 608 2396 erus
628 2333 727 2397 virtus
744 2332 946 2397 corroborata
966 2333 1123 2397 Romanis
1140 2357 1196 2398 ce-

147 2438 268 2505 lebrata
296 2452 354 2503 est.
405 2432 560 2501 Scribitur
590 2457 708 2499 nomen
739 2459 823 2499 nunc
847 2457 866 2500 a
894 2436 1028 2501 serendo
1052 2440 1194 2515 Serenus,

152 2535 232 2609 nono
239 2540 304 2609 ab
333 2534 538 2606 Umbrorum
567 2539 684 2624 oppido
719 2544 874 2605 Sarranus
902 2562 959 2625 per
980 2541 1195 2625 diaplasmum

151 2648 343 2739 metricum,¹
357 2646 630 2730 quemadmodum
650 2648 814 2728 Dionyssus
834 2645 916 2709 Silio
934 2645 1001 2709 ltal.
1017 2645 1090 2726 lll.,
1112 2650 1195 2727 393,

148 2768 178 2819 ct
193 2768 331 2817 centena
353 2750 424 2812 alia.
468 2748 538 2813 Nec
556 2750 680 2813 minore
693 2750 786 2813 laude
805 2764 977 2813 exornatur
998 2772 1018 2813 a
1031 2748 1136 2813 Plinio
1152 2750 1194 2816 N.

145 2852 187 2922 H.
206 2854 353 2931 1117111,
382 2859 410 2917 3.
440 2849 620 2916 Columella
646 2854 715 2915 init.
742 2851 795 2913 lib.
818 2853 843 2915 1.
873 2852 935 2911 vid.
956 2850 1081 2915 Ernesti
1107 2848 1196 2919 Clau.

150 2955 217 3023 Cic.
237 2984 267 3022 v.
283 2960 414 3023 Attilius
435 2972 464 3018 et
481 2958 624 3021 Perizon.
646 2954 817 3021 Animadv.
839 2952 918 3016 Hist.
935 2974 960 3017 c.
975 2952 1003 3016 l.
1047 2952 1197 3017 Fabricio

153 3064 365 3128 consociatum
396 3060 494 3125 habes
516 3062 691 3126 Serranum
721 3078 740 3121 a
764 3056 902 3139 virgilio
921 3054 1001 3119 Aen.
1025 3055 1094 3132 Vl.,
1123 3058 1198 3122 846.

149 3162 243 3231 Nihil
262 3189 344 3250 opus
366 3165 475 3250 plane,
504 3179 538 3227 nt
560 3187 633 3228 com
648 3162 779 3225 Heinsio
795 3162 913 3245 legator
930 3166 1037 3225 victus.
1082 3154 1197 3225 Cultus

148 3269 289 3357 pertinet
302 3268 343 3333 ad
358 3268 592 3351 triumphorum
607 3266 783 3344 luxuriam,
805 3265 966 3351 inquibus
981 3265 1066 3330 lovis
1087 3265 1199 3327 tunica

151 3373 266 3439 amicti
302 3374 572 3456 conspiciebantur
598 3370 701 3433 duces.
751 3371 863 3453 Itaque
892 3382 962 3454 post
990 3366 1198 3451 triumphales

151 3496 279 3553 currus,
301 3472 441 3555 deposito
456 3472 596 3538 eburneo
612 3476 760 3559 scipione,
779 3486 933 3555 agrestem
946 3470 999 3533 ille
1013 3472 1128 3535 stivam
1145 3490 1199 3535 re-

150 3582 252 3665 petiit.
297 3575 399 3640 Versu
420 3592 527 3641 autem
551 3583 623 3645 823.
644 3578 688 3639 ita
707 3573 867 3656 iungenda
889 3570 1001 3635 verba:
1030 3596 1067 3636 ex
1079 3578 1200 3657 priscae

155 3685 279 3745 ιίιιιιιίι
295 3683 400 3742 habitu
420 3695 450 3743 ec
473 3686 581 3747 indole.
625 3680 784 3745 Notamus
803 3677 909 3755 enim,
937 3698 991 3760 pue
1012 3678 1200 3759 particulam

97 3799 106 3840 t
156 3806 213 3847 tuo
242 3784 311 3847 loco
340 3783 522 3848 distractam
554 3806 646 3850 more
675 3798 857 3868 poetarum,
895 3792 930 3841 ut
951 3778 1079 3844 Tibullo
1101 3781 1144 3860 1.,
1169 3782 1200 3843 8.

160 3906 187 3949 v.
204 3886 255 3953 66.
299 3886 408 3951 Horat.
431 3910 527 3953 carm.
548 3912 607 3955 sec.
622 3912 650 3952 v.
665 3893 717 3954 22.
748 3883 814 3951 Od.
832 3882 862 3962 l,
887 3887 938 3947 80.
952 3906 981 3947 v.
995 3888 1047 3949 60.
1071 3882 1129 3961 ll.‚
1150 3882 1199 3946 19.

161 4011 189 4050 r.
209 3992 262 4054 28.
299 3990 375 4070 lll.,
405 3997 431 4057 1.
460 4014 490 4058 v.
514 3997 562 4059 12.
611 3991 759 4055 Eandem
783 4002 971 4052 structuram
993 4006 1100 4073 passae
1125 3995 1200 4048 sunt

166 4110 200 4153 oe
220 4106 250 4157 et
269 4114 306 4157 ne
327 4095 509 4181 particulae.
553 4096 662 4161 Horat.
683 4090 791 4159 Carm.
814 4092 872 4170 11,
895 4092 926 4157 7.
947 4115 977 4154 v.
997 4090 1047 4157 25.
1096 4082 1200 4177 Epod.
