2686 4928
413 348 761 426 -tol-

51 552 162 620 masio
186 552 229 617 ad
254 550 354 616 Solin.
377 576 407 637 p.
430 551 483 620 48.
527 549 694 618 Celebratn
717 568 792 620 sunt
817 556 912 638 igitur
933 575 1022 620 sacra
1046 557 1105 621 suh

54 656 187 722 Albano
208 669 319 720 monte
342 655 443 737 (unde
457 658 610 720 Albanum
623 660 723 720 lorum
736 675 826 723 vocat
843 659 1024 746 Propertius
1039 661 1106 744 111,

54 767 127 842 22,
151 760 223 844 25.)
251 761 313 824 ritu
339 759 472 842 quidem
498 757 663 845 Scythico,
692 780 788 831 namt
820 768 943 850 λέγουσι
973 771 1007 835 d'
1028 767 1107 841 εἶναι

55 863 259 952 ἀφιδρύματα
280 868 335 941 τῆς
354 864 574 948 Ταυροπόλου,
595 864 697 948 inquit
711 864 825 930 Strabo
846 868 865 932 1.
879 890 924 951 c.,
947 886 977 935 et
984 872 1049 957 fuit
1064 879 1107 938 idi

59 971 254 1032 simulacrum
268 968 429 1045 Scythicas
442 967 572 1042 Dionos,
587 964 716 1035 Solinus
728 967 871 1056 polyhist.
885 994 910 1034 c.
925 978 972 1052 2.,
991 976 1108 1040 simul-

60 1092 122 1156 que
139 1070 293 1149 Virbius,
322 1069 415 1133 heros
434 1068 566 1153 quidam
581 1070 748 1155 indigena,
777 1077 825 1138 cui
839 1075 967 1158 posthae
981 1075 1107 1163 Hippo-

57 1176 115 1263 lyti
136 1174 202 1238 fuit
221 1193 358 1252 nomen,
387 1172 558 1237 colebatur.
603 1171 723 1260 Gierig.
747 1177 787 1242 nd
810 1175 907 1244 Ouid.
929 1174 1012 1245 Fast
1033 1181 1103 1262 ΙΙΙ,

58 1282 139 1344 268.
183 1275 261 1341 lude
289 1296 364 1358 ergo
392 1275 499 1341 Diana
528 1293 639 1342 vocata
663 1295 709 1344 est
735 1281 926 1346 Nemorensis
951 1280 1106 1369 Inscriptt.

63 1379 152 1465 apud
166 1376 291 1445 Gruter.
314 1402 345 1463 p.
363 1382 416 1444 41.
433 1377 473 1444 Ν.
486 1384 516 1444 7.
532 1384 562 1446 8.
607 1380 762 1448 Sacerdos
785 1400 895 1451 autem
916 1409 971 1450 rcs
990 1389 1108 1455 Nomo-

66 1488 161 1548 rcnsis
184 1482 282 1549 dictus
305 1481 394 1551 Suet.
411 1477 511 1566 Calig.
527 1505 551 1548 c.
565 1483 617 1548 35.

163 1664 194 1703 v.
208 1635 284 1707 488.
304 1642 446 1702 molimur
460 1645 605 1723 compito.
628 1642 783 1726 quoniam
804 1645 912 1724 magni
934 1661 1000 1711 erat
1015 1648 1109 1712 labo-

57 1744 120 1823 ris,
139 1742 326 1809 exscindere
338 1743 461 1807 silvam.
505 1740 572 1808 Cfr.
587 1744 675 1825 Virg.
685 1742 767 1807 Aen.
783 1743 871 1824 vlt,
887 1747 960 1808 290.
981 1747 1024 1827 1.,
1036 1746 1110 1817 428.

60 1853 173 1915 stiriis.
208 1846 265 1911 -lta
275 1844 362 1928 Virg.
378 1844 459 1911 Aen.
474 1846 549 1925 nt,
569 1849 643 1911 680.

177 2024 205 2067 v.
219 1996 291 2067 484.
334 1999 387 2064 Ad
407 2003 485 2065 ritus
506 2002 573 2067 eius
590 1999 671 2066 sacri
686 2000 871 2085 praecipuos
892 2000 925 2070 ir.
940 2004 960 2072 l.
980 2027 1110 2074 memo-

61 2120 151 2171 ratos
171 2103 327 2189 pertinent
339 2102 428 2189 faces
449 2107 484 2167 in
504 2105 611 2170 lucum
636 2102 762 2169 Dianae
785 2105 915 2173 delatae.
965 2114 1111 2194 Spicatao

60 2223 136 2275 sunt
164 2212 278 2271 nouae
303 2208 346 2272 ad
372 2209 478 2292 spicae
506 2208 667 2286 formam,
703 2222 737 2270 ut
760 2210 894 2291 explicat
920 2210 1049 2282 Servius
1069 2221 1112 2284 ad

59 2308 180 2396 Georg.
201 2310 246 2391 1.,
266 2315 358 2380 292.;
379 2311 522 2396 ferroque
536 2311 624 2395 foces
646 2316 775 2392 inspicat
790 2322 906 2386 acuto]
927 2311 1112 2387 Wernsd.

64 2413 214 2479 Omnino
233 2413 277 2479 ad
297 2437 458 2480 sacrorum
474 2430 661 2478 ornamenta
678 2416 894 2498 pertinuerunt
909 2414 1002 2485 faces.
1046 2418 1111 2490 Cfr.

66 2514 248 2583 Meursium
274 2517 388 2585 Graec.
413 2520 468 2584 ser.
491 2518 531 2581 V.
553 2543 576 2583 s.
596 2541 627 2584 v.
650 2521 775 2605 λαμπάς
804 2517 890 2604 apud
919 2519 1112 2592 Dorvillium

66 2617 196 2686 Misoell.
205 2621 364 2686 Observv.
378 2623 450 2686 vot.
459 2622 499 2687 V.
514 2622 608 2687 Tum.
619 2627 648 2687 3.
665 2647 694 2706 p.
714 2627 762 2688 18.
776 2624 1020 2710 interpretesque
1031 2626 1114 2692 Pro-

60 2725 156 2811 penit
177 2724 242 2806 11.‚
264 2730 334 2803 en,
360 2730 409 2789 10.
435 2741 465 2789 et
484 2725 580 2794 ovid.
601 2724 685 2790 east.
706 2725 781 2804 111.‚
802 2730 877 2791 270.
922 2724 1016 2795 Adde
1036 2730 1113 2797 sra-

58 2829 147 2895 tium
161 2826 243 2894 silv.
257 2828 279 2894 l.
296 2828 316 2895 Ι.
329 2854 359 2894 u.
376 2828 429 2896 56.
1126 2850 1131 2861 ¹

171 2982 299 3048 Eodem
319 3005 411 3047 versu
426 2981 515 3068 foces
537 2981 685 3045 dicuntur
697 2999 818 3042 sucrum
830 2982 889 3056 D.,
910 2982 966 3047 sed
985 2987 1115 3068 apposi-

64 3101 138 3153 tum
157 3110 278 3153 norum
301 3089 341 3152 ad
363 3093 500 3171 spicatas
522 3100 551 3149 et
570 3098 668 3148 totam
689 3087 867 3149 orationem
886 3100 1062 3151 tortuosam
1084 3103 1116 3154 et

61 3193 166 3257 nimis
178 3193 377 3256 cumulatam
390 3190 503 3255 reddit.
548 3189 661 3270 Itaque
675 3186 766 3252 valde
780 3186 931 3253 laudandi
948 3204 1020 3254 sunt
1029 3190 1117 3255 Tur·
1214 3207 1218 3216 ·

63 3297 167 3361 nebus
187 3293 375 3370 Adv.v11.,
396 3299 449 3359 26.
471 3290 645 3375 pariterue
663 3289 918 3373 Wernsdorfius‚
947 3294 1118 3358 scribentes

62 3399 127 3464 itti:
160 3402 292 3462 Sacrum
313 3402 356 3461 od
377 3397 541 3460 nemorale.
584 3390 720 3459 Videtur
744 3394 826 3458 hanc
846 3392 1035 3481 scripturam
1053 3416 1117 3457 an·

64 3502 158 3588 tiquo
179 3503 216 3564 in
238 3502 344 3564 codice
366 3503 516 3585 reperisse
532 3498 709 3564 Turnebus.
752 3496 908 3562 Dicuntur
927 3513 1034 3562 autem
1060 3520 1119 3564 no-

65 3610 222 3670 mor-cusia
234 3605 286 3670 vel
298 3607 480 3678 nemoralia,
493 3622 698 3687 quaecunque
712 3601 753 3665 ad
759 3599 875 3666 festum
884 3600 1007 3668 Dianae
1022 3602 1117 3669 istum

65 3710 239 3794 pertinent
283 3711 439 3792 Templum
461 3708 614 3769 nomorolc
633 3707 756 3769 Dianas
775 3724 813 3768 ex
830 3703 952 3769 Ouidio
967 3702 1037 3775 Art.
1052 3727 1117 3770 am.

66 3810 123 3878 lib.
140 3810 184 3893 1.,
202 3812 279 3900 2ᾷ9.
293 3811 405 3876 laudat
417 3809 573 3877 Wernsd.

177 4004 209 4047 v.
222 3980 297 4050 485.
339 3978 491 4046 Coronati
511 3999 612 4044 canes.
657 3975 813 4040 Similiter
836 3991 942 4042 tauros
965 3974 1120 4041 seriarum

8 4080 13 4107 ''
72 4098 221 4173 tempore
240 4086 433 4152 rusticarum
456 4080 555 4148 habes
573 4093 737 4148 coronatos
755 4081 840 4167 apud
861 4079 977 4146 Tibull.
997 4078 1048 4147 ΕΙ.
1061 4078 1120 4175 ῨΙΙ,

8 4210 11 4223 ·
796 4183 840 4247 ll
