2686 4928
504 354 852 436 *150*

154 575 223 626 tom
236 551 363 647 eorpus
379 590 382 595 ·
405 514 616 649 VirgGeorg.
624 562 763 646 11.,too.
778 564 818 634 ‹ie
829 566 920 652 igne:
931 578 1041 654 perper
1052 569 1124 633 olto
1140 523 1198 636 ea-

154 668 276 728 cumina
296 675 429 744 regrina]
449 667 638 732 Wernsd.
680 667 888 736 Praetulerim
902 672 1052 757 equidem
1069 682 1199 742 mentm

154 782 262 854 utpote
274 765 384 833 fortius
398 772 516 855 protei
530 773 692 855 gravitate.
713 776 808 839 mdes
822 776 882 841 vid.
897 775 939 838 ad
953 798 983 841 v.
998 777 1074 841 862.
1109 772 1116 811 ‘-
1169 806 1178 818 ¹

182 964 185 971 ·
247 942 288 1005 ‘ri
299 938 373 1008 464.
387 936 461 1010 466
487 1019 491 1026 ,
504 941 635 1029 Quanta
647 947 689 1012 sit
702 943 781 1012 fides
794 945 941 1013 habenda
953 944 1021 1014 istis
1034 942 1197 1039 remedis,

153 1043 316 1129 significat.
338 1060 340 1067 '
359 1044 436 1111 Non
453 1045 494 1110 ab
509 1048 651 1115 humana
665 1064 731 1115 arte
748 1052 917 1136 quicquam
930 1051 1117 1137 proiectum,
1138 1053 1196 1119 sed

152 1148 301 1214 divinitus
324 1150 422 1217 mista
444 1164 538 1235 atque
557 1150 599 1216 ab
627 1151 697 1237 ipsa
724 1169 836 1218 natura
863 1158 1049 1242 comparata
1076 1157 1189 1222 omnia.

151 1255 277 1325 Natura
291 1259 370 1318 oluit
389 1267 488 1339 aptam
501 1277 596 1340 mum,
617 1256 639 1320 i.
652 1276 679 1327 e,
692 1256 766 1339 igne
780 1256 835 1320 illo
848 1273 878 1322 et
891 1258 1040 1343 sulphure
1056 1282 1095 1326 ae
1104 1248 1189 1347 bitu·

150 1359 250 1424 mine.
299 1357 426 1440 ltaque,
459 1368 522 1441 quo
550 1357 664 1424 morbo
688 1359 793 1423 nullus
814 1360 874 1424 snit
894 1363 996 1427 acrior
1018 1363 1204 1431 aut‘morti‘

150 1462 297 1547 propior,
317 1463 344 1525 is
359 1478 467 1528 tamen
483 1476 647 1547 superatur
662 1461 721 1528 isto
735 1462 866 1530 auxilio.

152 1690 155 1694 ,
255 1659 284 1702 v.
304 1635 377 1702 467.
418 1635 468 1700 Ex
497 1637 560 1701 hoc
589 1657 681 1704 versu
706 1651 853 1725 apparet,
885 1657 957 1701 non·
972 1648 1075 1700 totum
1096 1635 1197 1707 fuisse

149 1756 278 1829 poetam
292 1741 505 1824 superstitioni
525 1740 699 1807 addictum.
742 1741 810 1806 Etsi
835 1741 922 1806 enim
941 1759 1032 1803 versu
1054 1740 1131 1808 466.
1152 1743 1196 1810 alt

150 1844 210 1910 deo
235 1845 343 1909 venire
365 1843 518 1907 auxilium
541 1826 770 1924 declaraverat,
799 1859 909 1908 tamen
938 1841 1104 1917 humanae
1133 1850 1196 1913 arti

147 1948 270 2031 aliquid
282 1948 402 2010 tribuit.
444 1944 513 2024 En,
534 1946 732 2029 relligionem
745 1969 819 2012 eum
839 1948 962 2009 ratione
977 1932 1094 2026 agendi
1113 1970 1194 2017 con-

146 2052 308 2116 sociatam.
350 2045 509 2131 Deinceps
532 2047 627 2128 igitur
647 2050 790 2132 exponit,
823 2047 916 2131 quid,
939 2047 966 2112 si
985 2047 1192 2130 primamn-

148 2152 246 2216 dendi
276 2150 494 2237 opportunitas
520 2146 614 2213 fuerit
640 2132 797 2233 neglecti,
829 2150 868 2212 sit
897 2149 1097 2244 iaciendum.¹
1128 2154 1190 2225 Ba

136 2269 257 2329 ,autem
272 2258 398 2321 dimisso
419 2248 547 2317 facultas
568 2251 649 2316 nihil
663 2253 767 2332 aliud,
794 2251 856 2316 nisi
869 2252 917 2315 vis
936 2252 1109 2321 medicinae
1120 2277 1182 2345 pet

145 2357 373 2442 negligentiam
395 2356 517 2423 abiecta
538 2377 577 2420 ac
598 2356 776 2443 debilitata,
807 2375 889 2439 quae
906 2353 1099 2440 folltttopenr
1129 2360 1183 2427 vd

144 2462 271 2527 irritam
289 2461 403 2525 reddit.
447 2458 555 2537 Viden
576 2459 691 2541 igitur,
719 2456 813 2542 plane
825 2457 999 2524 sententiae
1010 2479 1187 2549 repugnare

145 2564 232 2651 quod
262 2577 308 2627 est
326 2583 355 2623 v.
380 2559 455 2626 467.
478 2564 586 2624 divino
607 2559 648 2623 ab
668 2559 854 2625 Burmanno
882 2562 1064 2627 coniectura
1089 2566 1191 2647 indu,

143 2669 251 2734 dumi
292 2662 443 2746 Namque
460 2662 569 2728 divina
588 2661 717 2730 facultas
736 2664 898 2728 neminem
919 2662 1018 2748 fallit,
1045 2667 1189 2749 sedgho-

144 2773 274 2836 minum
295 2788 382 2834 error
402 2764 602 2850 perniciosus.
1154 2756 1159 2771 ”

246 2967 277 3012 v.
291 2939 365 3006 468.
407 2931 545 3002 Proinde
559 2939 594 2999 in
606 2934 675 3020 ipsa
689 2938 767 3001 mali
779 2937 983 3004 vehementia
996 2940 1187 3024 proiimuru

28 3037 41 3056 f
140 3041 561 3135 qnodquetentaauxilium.
605 3038 939 3108 Scilicetsubitomalo
952 3042 1059 3110 subita
1071 3069 1186 3114 occur-

141 3155 221 3216 nitur
231 3146 367 3212 medela.
411 3145 634 3208 runcones
653 3145 758 3225 enim,
780 3145 931 3231 quicquid
947 3149 1121 3232 praecipiti
1134 3153 1182 3219 fe·

140 3253 307 3322 stinatione
330 3262 454 3333 praeter
472 3245 737 3328 exspectationem
756 3247 800 3312 fit.
842 3252 948 3313 Subita
968 3263 1012 3313 est
1032 3257 1186 3331 mediatio

139 3353 354 3443 praecipiendi
385 3363 431 3415 est
456 3348 588 3427 modus,
628 3351 717 3431 quasi
748 3353 892 3417 dixisset:
934 3356 1086 3418 indicina
1120 3370 1181 3423 erro

140 3464 247 3526 sulita.
321 3516 324 3521 ,

242 3634 273 3677 v.
286 3611 360 3677 470.
405 3609 622 3686 Stringendae‚
643 3603 753 3671 leviter
764 3609 995 3688 vulnerandae,
1014 3623 1050 3672 ut
1061 3631 1093 3676 v.
1106 3613 1177 3682 864.

140 3719 288 3800 ligamina
300 3711 457 3778 musculos
471 3731 636 3777 armorum
654 3711 750 3790 dicit,
772 3711 901 3794 quihus,
925 3697 1177 3798 velutligaturii,

139 3818 287 3889 membra
307 3812 554 3898 connectuntur]
577 3812 712 3879 Barth.
732 3829 763 3878 et
785 3816 971 3883 Wernsd.

242 4013 270 4057 v.
286 3978 360 4054 474.
387 3987 516 4051 'Fraces
536 3997 607 4052 sunt
620 4005 728 4050 carnes
745 3985 890 4063 residuae
903 3987 1045 4052 olearum
1063 4002 1094 4051 et
1109 3987 1177 4052 sae-

141 4121 189 4164 ces
210 4117 249 4164 ex
266 4095 314 4160 iis
328 4110 509 4178 expressae,
535 4105 571 4156 ut
591 4080 821 4181 exponit·Gell.
846 4090 921 4171 xt,
948 4093 979 4156 7.
1011 4093 1175 4173 subsidere,
