2686 4928
457 448 460 455 .
562 368 915 446 -134-

213 573 289 645 MS.
308 573 481 643 invenisse:
517 596 643 662 seraque
664 596 716 659 op.
739 596 769 638 n.
790 572 913 658 palmo,
934 569 1102 636 ‘'utumum
1130 571 1267 656 quidem

216 679 353 748 verbum
374 699 394 744 e
412 700 508 744 versu
529 685 604 747 862.
625 700 646 744 a
668 677 799 744 librario
812 676 977 740 inductum
993 689 1055 754 est;
1081 676 1169 762 quod
1189 697 1270 742 vero

218 783 309 851 idem
332 781 437 849 dedit:
464 805 589 868 seroque
612 786 755 866 aperitur
773 786 866 844 nonio
884 782 995 844 damno
1017 779 1068 845 vel
1090 802 1183 856 curo,
1211 782 1270 846 etri

213 885 345 976 ‚ovidio
369 885 448 952 Met.
469 885 580 969 Xlll.,
609 891 682 952 191.
701 884 737 947 ln
756 882 855 948 MSS.
876 906 952 946 cura
970 883 1164 950 vocabulum
1192 907 1270 950 cum

158 1037 162 1047 ,
220 1012 339 1057 summo
354 1005 400 1055 est
415 989 599 1070 confusum,
619 986 722 1052 nihilo
741 985 982 1074 praestabilium
1003 985 1059 1051 ille
1080 989 1153 1073 ipsa
1174 1010 1272 1075 prae-

220 1091 294 1158 buit
318 1092 455 1177 vulgata.
499 1091 631 1156 Etenim
658 1113 776 1157 summa
804 1087 959 1175 significat
985 1093 1269 1158 vehementissimum

220 1199 319 1262 morbi
330 1201 478 1279 gradum,
498 1196 543 1276 is,
563 1197 720 1281 quoniam
733 1218 800 1259 soro
813 1196 950 1259 cernitur
962 1194 1103 1274 venisse,
1125 1218 1186 1262 nec
1199 1221 1268 1266 rua-

221 1314 293 1367 ture
307 1315 455 1365 curatum
470 1314 517 1364 est
526 1297 660 1380 malum,
681 1302 751 1382 ipsa
764 1319 895 1363 summa
909 1297 1022 1362 dicitur
1034 1319 1114 1364 sera.
1160 1298 1271 1385 Quare

221 1401 269 1468 ric
288 1401 538 1488 interpretamur
558 1424 633 1466 cum
657 1399 899 1467 Wernsdorfio:
925 1401 953 1465 si
973 1416 1115 1465 extrema
1136 1401 1274 1472 demum

223 1506 499 1570 consummatione
513 1504 613 1589 mali,
633 1525 704 1574 sero
717 1527 753 1570 se
770 1505 942 1589 prodente,
958 1491 1122 1588 ‘operirem
1144 1511 1275 1592 patescit

223 1620 257 1675 et
274 1606 460 1695 intelligitur
475 1610 588 1690 noxia,
611 1608 768 1679 damnum
783 1610 931 1694 corporis.
973 1609 1022 1672 lta
1043 1609 1143 1695 igitur
1164 1613 1193 1676 si
1218 1636 1275 1683 ex.

216 1708 358 1798 plicatus
378 1725 424 1777 est
451 1727 608 1780 tortuosus
634 1726 747 1799 poetae
766 1732 904 1792 sermo„
921 1711 962 1777 ad
983 1711 1062 1775 illud
1084 1714 1205 1781 vitium
1224 1734 1274 1787 at«

223 1812 340 1898 tende,
371 1814 458 1901 quod
478 1816 583 1884 adhuc
604 1817 738 1900 residet,
771 1830 807 1884 ut
833 1817 983 1906 equidem
1006 1815 1146 1884 arbitror
1166 1820 1203 1889 in
1223 1842 1275 1893 se-

221 1918 409 2009 quentibusz
712 1911 716 1921 ’

361 2051 454 2119 lude
467 2060 576 2120 emism
596 2057 675 2132 lues,
696 2071 727 2120 ot
738 2079 795 2140 per
810 2061 955 2133 contagio
969 2057 1089 2118 morbus

225 2175 256 2234 γ.
272 2159 348 2226 870.
381 2159 491 2223 Venere
509 2164 540 2221 in
552 2162 660 2240 vulgus
674 2165 814 2244 iuxtaque
831 2162 978 2223 exercitus
1001 2163 1105 2237 ingens

374 2261 505 2347 Atqucli
524 2266 578 2327 sub
601 2266 668 2329 labo
684 2271 747 2328 ruit
768 2298 814 2312 -

223 2393 337 2466 Paene
349 2399 499 2480 expressit
512 2395 685 2482 Virgilium
702 2396 819 2481 Georg.
836 2393 911 2474 lll.,
933 2393 1090 2478 468.sqq.
1109 2394 1223 2479 pariter
1236 2419 1271 2464 ac
1289 2410 1294 2425 “·

226 2498 328 2566 οἱιιεᾶ.
340 2496 414 2561 libri
427 2521 457 2565 v.
468 2495 542 2567 474.
583 2499 678 2585 Apud
687 2498 839 2566 (iratium
853 2500 887 2561 in
901 2498 988 2562 libris
1003 2512 1047 2563 est
1060 2501 1196 2576 morbus,
1217 2523 1275 2566 no-

226 2621 306 2666 men
319 2612 427 2684 aperte
439 2616 634 2687 corruptum.
676 2607 780 2671 Morbi
792 2604 930 2686 reposuit
938 2601 1067 2668 Ulitius.
1109 2601 1279 2672 Atveroiu

229 2716 299 2768 tam
312 2701 420 2764 vivido
437 2717 469 2767 et
486 2705 615 2770 incitato
631 2726 746 2791 genere
761 2704 887 2771 dicendi
906 2723 1057 2789 augeatur
1078 2707 1207 2792 pondus
1222 2722 1280 2774 ne-

229 2824 316 2872 cesse
337 2816 383 2869 est
402 2810 562 2890 sequentis
582 2811 775 2903 sententiae,
807 2832 889 2894 quae
913 2810 998 2876 hisce
1018 2810 1139 2876 verbis:
1174 2827 1208 2876 ot
1227 2834 1281 2897 prr
1323 2884 1326 2891 ¹

229 2911 491 2991 contagioqmorbi
504 2936 533 2976 v.
543 2918 574 2974 in
585 2939 614 2977 v.
632 2900 764 2977 mirifice
778 2915 941 2978 minuitur.
985 2912 1072 2978 Nam
1090 2916 1168 2979 luem
1184 2917 1282 2981 emitti

224 3004 302 3102 ¹plus
321 3028 352 3080 et
371 3016 495 3098 gravius
514 3030 559 3080 est
579 3015 717 3094 dictum,
738 3038 838 3099 quam
854 3022 973 3083 morbos
988 3028 1098 3083 venire.
1144 3019 1237 3083 Haec
1256 3016 1281 3081 sl

230 3130 317 3183 recte
335 3116 455 3200 sentio,
488 3139 529 3188 ne
553 3117 666 3206 frigeat
685 3120 806 3200 oratio,
840 3121 900 3186 hoc
922 3143 942 3186 a
967 3120 1081 3188 Gratio
1103 3122 1282 3208 profectum

230 3232 396 3307 putamus:

338 3340 417 3406 Indo
431 3344 540 3404 emisso
555 3341 617 3406 lues
636 3355 667 3405 et
680 3362 737 3425 per
751 3347 896 3432 contagia
916 3355 1063 3418 mortes

343 3445 455 3511 Venere
476 3448 508 3508 in
528 3443 635 3526 vulgus
655 3479 701 3495 -

233 3575 269 3641 id
284 3590 347 3644 est:
361 3577 541 3649 multorum
556 3581 651 3644 ruina
662 3581 749 3644 venit
764 3581 798 3641 in
813 3575 932 3660 vulgus.
977 3575 1011 3642 N
1013 3600 1056 3641 on
1070 3580 1221 3646 audacter
1234 3580 1283 3647 vel

232 3691 359 3746 temere
384 3681 497 3746 induxi
519 3697 630 3746 mortes
649 3681 861 3760 vocabulum,
894 3680 979 3762 quod
1004 3681 1160 3766 reperitur
1187 3685 1284 3749 etiam

233 3782 325 3869 apud
347 3782 506 3849 Ovidium
527 3784 605 3850 Met.
623 3784 681 3848 Xl.
702 3777 730 3848 r.
745 3788 818 3851 638.
863 3783 948 3847 Vide
974 3799 1004 3849 et
1028 3784 1167 3851 Statium
1182 3787 1285 3852 Theb.

233 3885 310 3969 lx„
324 3887 377 3956 86.
421 3889 503 3967 lam,
522 3888 577 3971 qui
591 3886 695 3970 legent
710 3908 808 3971 usque
824 3888 866 3950 ad
883 3906 1010 3950 versum
1027 3885 1116 3963 374„
1132 3888 1286 3954 animad-

233 4003 356 4057 vertent
376 4013 477 4076 quam
497 3991 664 4055 incitatum
683 4004 714 4054 et
730 3988 877 4073 amplum
894 3990 1175 4075 ponderosumque
1189 4013 1286 4076 genus

235 4113 388 4162 vacuum
410 4096 452 4162 ad
479 4094 647 4163 horrorem
677 4093 997 4178 misericordiamque
1027 4094 1194 4178 adducant,
1212 4093 1285 4160 ani·

1329 392 1333 403 ι

1327 472 1333 491 i
