2686 4928
140 337 213 390 xxti
303 349 305 354 ’

143 511 250 588 Ulitio
272 530 304 588 et
326 507 570 584 Wemsdorfio
587 531 726 580 cannen
746 524 798 578 est
818 501 1047 604 divulgatum
1091 504 1186 581 Nam

144 642 284 725 nomina
318 639 468 741 piscium
496 667 569 713 non
598 636 714 710 minus
745 663 852 730 quarn
880 639 969 712 ordo
1001 637 1187 713 nominum

145 777 297 874 apprime
311 772 466 869 quadrat.
516 770 611 849 Illud
622 798 704 846 vero
717 769 819 866 Ulitii
832 792 1076 870 argumentum
1090 799 1188 867 pror.

145 937 204 982 sus
227 929 278 982 est
296 904 396 983 nihili
416 903 676 979 aestimandum.
726 901 819 1002 Ergo
843 931 935 1006 quae
951 926 1052 983 vetus
1075 908 1187 982 seho-

143 1043 254 1118 liastes
274 1041 320 1116 ad
341 1039 462 1117 Horat.
484 1038 597 1111 Carm
620 1034 685 1128 lt,
711 1047 743 1112 6.
771 1062 813 1110 ex
834 1035 964 1113 Ouidio
988 1037 1132 1146 protulit
1154 1061 1188 1113 et

56 1241 60 1252 ,
145 1201 234 1274 quae
264 1200 284 1247 a
307 1169 522 1259 Quintiliano
547 1167 673 1263 pariter
703 1193 744 1242 ac
773 1167 904 1242 Seneca
932 1168 1188 1268 tragoediarum

144 1306 500 1404 epigrammatumque
520 1301 648 1376 scimus
668 1297 785 1374 Ovidii
805 1302 995 1398 fragmenta
1017 1302 1188 1406 descripta

145 1466 234 1532 assc3
253 1458 295 1509 ut
309 1465 328 1510 e
341 1435 458 1510 multis
473 1453 678 1535 promantur
692 1458 815 1532 pauca,
832 1459 926 1525 eane,
939 1432 1004 1505 uisi
1017 1434 1187 1510 librorum

20 1608 22 1611 ·
143 1569 249 1643 MSS.
270 1567 467 1641 atrotoritate
487 1565 648 1656 stabilita,
670 1565 723 1637 ab
745 1563 872 1640 Ovidis
885 1565 1088 1643 abiudicata
1106 1572 1199 1669 pla-¹

145 1697 223 1772 cet?
270 1697 339 1772 Hic
353 1721 424 1774 erat
437 1698 745 1790 considerandum,
768 1725 813 1770 ne
826 1697 912 1792 quid
926 1720 1048 1799 suapte
1065 1724 1187 1774 natura

144 1831 210 1904 ista
231 1830 267 1903 in
290 1831 440 1907 carmine
462 1832 660 1904 ahhorreret
682 1830 726 1902 ab
741 1828 876 1905 Ouidio.
928 1832 1037 1920 Quod
1060 1833 1090 1904 si
1105 1833 1186 1906 Ha-

145 1962 362 2038 lieuticorum
373 1968 606 2063 fragmentum
620 1961 773 2062 asperius
784 1983 886 2055 atque
899 1964 985 2038 adeo
998 1964 1188 2066 impolitius

145 2116 196 2195 cst
207 2094 287 2169 stilo
302 2094 502 2169 Nasoniano
515 2093 760 2185 iudicandum,
786 2092 871 2187 quid
884 2093 1039 2166 mirum?
1071 2096 1189 2169 Nam-

146 2254 215 2320 que
236 2231 468 2317 inchoatum,
501 2249 542 2302 ut
565 2226 678 2322 inquit
697 2225 828 2299 Plinius
847 2228 869 2300 l.
891 2228 932 2319 l.,
964 2252 1078 2320 neque
1101 2256 1187 2328 per-

145 2361 274 2435 fectum
289 2382 339 2434 est
359 2363 403 2433 ab
422 2361 567 2453 Ovidi03
592 2360 649 2433 cui
668 2386 751 2432 cum
767 2357 804 2432 ia
815 2358 930 2434 Ponto
945 2359 1006 2433 illo
1022 2358 1189 2460 inhospi-

146 2490 203 2564 tali
221 2489 401 2588 ingenium
425 2518 498 2564 non
518 2488 633 2560 minus
656 2513 763 2579 quam
792 2515 920 2588 corpus
948 2490 1191 2590 infrigesceret,

145 2620 223 2722 quis
244 2623 384 2696 tandem
398 2624 442 2695 ab
456 2621 517 2695 illo
539 2648 631 2722 opus
645 2619 808 2694 omnibus
822 2619 975 2719 partibus
996 2627 1189 2723 perfectum

146 2755 414 2849 absolutumque
447 2753 696 2855 expectarent?
744 2752 864 2847 ltaque
902 2753 1189 2832 Werusdorfium

147 2906 214 2986 ego
237 2914 361 2962 censeo
381 2914 463 2962 cum
477 2887 586 2962 Ulitia
607 2914 751 2979 errasse,
778 2885 841 2987 qui
860 2907 1041 2987 tantopere
1059 2893 1189 2965 falsum

147 3046 220 3094 esse
235 3018 388 3094 Plinium
408 3019 451 3092 sit
464 3019 660 3113 arbitratus,
684 3042 725 3093 ut
748 3019 904 3094 camninis
928 3021 1041 3117 aliqua
1061 3020 1188 3095 inscri-

146 3148 282 3243 ptione,
306 3179 395 3245 quae
410 3159 567 3227 Pontica
581 3151 732 3228 fortassis
745 3175 850 3245 esset,
874 3152 1084 3248 deciperetur
1097 3149 1187 3223 seri-

147 3281 310 3383 beretque
324 3311 400 3357 eam
420 3288 467 3360 ob
481 3312 653 3360 caussam:
679 3314 768 3381 quae
788 3285 826 3358 in
847 3291 967 3359 Ponto
988 3300 1185 3354 nascrmtur.

89 3434 92 3441 '
140 3412 330 3498 Quorsum
358 3419 445 3493 haee
472 3418 732 3518 disputaverim,
771 3414 929 3510 quaeris?
977 3414 1112 3508 Nempe
1145 3435 1186 3486 ut

146 3540 353 3620 vindicarem
375 3550 649 3626 Halieuticorum
681 3554 913 3648 fragmentum
937 3545 1064 3621 Ovidio
1095 3574 1186 3647 pro-

146 3682 279 3774 pterea,
303 3683 401 3772 quod
415 3682 539 3757 Ulitius
555 3686 577 3757 1.
590 3685 611 3756 l.
627 3705 661 3757 et
675 3681 834 3756 Barthius
848 3680 959 3754 Advv.
973 3679 1123 3772 XLIX„
1150 3695 1183 3756 2.

150 3823 206 3882 11.
227 3810 387 3888 Gratiam
404 3816 533 3916 opinati
552 3835 634 3888 sunt
652 3816 724 3887 eius
747 3811 903 3887 carminis
922 3842 995 3888 essa
1009 3832 1184 3887 auctorem

146 3967 216 4015 non
234 3948 421 4043 refragante
438 3948 691 4025 Wernsdortio.
