2686 4928
524 370 607 385 --
648 333 734 409 tot
772 380 867 401 ..-

156 527 434 594 construendum:
460 553 521 595 'nec
550 536 647 600 cultus
667 545 771 616 magni
800 555 853 607 est.
902 540 940 606 ln
963 541 1038 613 Ald.
1065 562 1138 616 ante
1163 573 1216 618 nee

155 646 230 694 erat
262 633 452 717 asteriscus]
475 635 610 701 Burm.
659 639 761 706 Titius
789 646 922 712 omnino
951 668 1024 714 vere
1057 651 1214 739 interpre-
1245 675 1247 680 ·

155 748 255 800 tatur.
664 768 667 775 ’

267 837 525 922 Insequentibus
544 840 616 906 fidei
634 845 820 930 desperatae
841 851 1027 919 suntverba
1041 856 1208 926 videntur

160 963 220 1024 que
241 940 294 1004 vel
313 941 427 1006 mutila
453 943 504 1005 vel
529 943 571 1008 ab
593 947 662 1032 ipso
683 965 775 1033 poeta
797 952 942 1027 nondum
964 955 1104 1038 perfecta
1122 985 1205 1032 esse.

154 1045 222 1108 -Pro
231 1044 313 1129 fuit,
328 1046 426 1129 ¹quod
439 1045 534 1109 Ulitii
555 1065 615 1131 est,
642 1058 717 1115 satis
735 1057 867 1119 coniecit
880 1055 989 1122 Barth.
1005 1060 1073 1124 vel:
1097 1066 1204 1143 Terre,

155 1155 256 1213 eidus:
293 1162 449 1234 tenuesque
474 1156 556 1215 sitim
583 1168 655 1236 pote
682 1159 881 1227 ducererioi.
928 1161 1104 1230 lohnsonus
1124 1167 1203 1232 olim

158 1255 305 1318 dederat:

268 1378 442 1451 neemagni
455 1377 569 1438 cultus:
589 1379 701 1440 sterilis
714 1380 902 1464 quodeunque
915 1388 1031 1448 remisit

269 1479 363 1539 Terra
375 1475 506 1560 samem,
527 1492 679 1565 tenuesque
693 1487 775 1544 sitim
789 1487 959 1566 produxere
975 1491 1046 1552 rivi.

148 1600 432 1683 ·Quamquam·est
452 1598 637 1663 inusitatum
658 1605 843 1683 produxere,
878 1606 1057 1689 penultima
1075 1606 1198 1695 syllaba

150 1717 311 1786 correpta.
350 1698 435 1776 Nos,
469 1715 504 1762 ut
525 1700 645 1783 aliquid
667 1702 775 1767 secisse
793 1707 977 1785 videamur,
1011 1711 1197 1780 retinerein

150 1806 258 1871 altero
270 1800 467 1867 hemistichio
481 1804 653 1867 maluimus
667 1804 843 1886 vulgatam:

417 1957 461 1972 —
481 1927 594 1990 sterilis
614 1926 804 2008 quodeunque
826 1929 941 1988 remisit

267 2029 359 2090 Terra
377 2033 432 2090 sui.
476 2043 631 2111 tenuesque
646 2035 728 2092 sitim
747 2032 915 2113 producere
936 2033 1005 2102 rivi,

151 2170 256 2233 quarn
276 2147 427 2233 praebent
446 2146 485 2211 A.
508 2144 564 2212 Gr.
588 2147 621 2211 P.
641 2147 678 2211 B.
723 2149 792 2213 Hoc
815 2166 860 2214 est
881 2152 983 2214 enim:
1010 2151 1104 2232 parvi
1119 2162 1194 2211 sunt

146 2257 257 2318 cubus.
286 2255 503 2337 'Quodcunque
522 2267 607 2313 terra
628 2255 666 2314 de
684 2275 716 2313 se
732 2268 839 2334 sponte
854 2274 909 2314 suu
930 2254 1042 2331 edidit,
1070 2265 1100 2312 et
1122 2256 1193 2322 riui,

150 2363 292 2442 quisunt
315 2369 415 2416 tenues
437 2358 518 2415 sitim
540 2357 707 2436 producere
728 2354 864 2438 (supple:
897 2355 1009 2415 cultum
1032 2351 1189 2434 effitiunt).

155 2464 265 2525 Tenues
288 2463 352 2521 rivi
371 2472 441 2521 sunt
464 2478 583 2541 paucae
605 2473 635 2520 et
657 2460 788 2541 exiguae
810 2478 921 2542 aquae.
964 2459 1128 2518 Remittere
1146 2454 1192 2516 sic
1257 2468 1260 2474 ’

152 2564 246 2631 Ouid.
262 2561 342 2626 Met.
358 2563 399 2641 1.‚
419 2560 494 2625 604.
536 2564 708 2626 Producere
723 2569 805 2627 sitim
820 2584 885 2629 non
900 2561 1113 2644 exstinguere,
1134 2555 1191 2621 sed

147 2666 289 2744 differre,
305 2666 381 2748 quia
393 2680 464 2728 sunt
478 2680 596 2728 tenues.
629 2663 731 2750 Aptus
744 2670 838 2750 igitur
850 2664 1074 2751 infinitiyusex
1088 2674 1191 2746 tenues

143 2773 312 2839 adiectivo.
358 2769 432 2832 Vid.
449 2765 611 2853 Anonymi
632 2770 779 2853 exempla
798 2770 838 2835 ab
858 2769 1056 2851 Heusingero
1076 2762 1190 2836 collata

144 2876 191 2941 ad
206 2874 329 2938 Veehn.
344 2872 426 2937 Hell.
446 2871 500 2936 lib.
516 2871 541 2936 l.
561 2886 639 2956 part.
658 2869 699 2955 ll.
722 2893 747 2935 c.
762 2875 817 2942 21.
861 2866 1008 2936 Ceterum
1028 2868 1085 2936 clr.
1101 2866 1186 2947 Virg.

144 2977 216 3046 Ed.
229 2979 288 3060 V„
310 2976 377 3042 42:

639 3066 714 3147 qual
747 3097 792 3113 -

402 3202 445 3215 ·-
467 3172 548 3230 sitim
571 3172 755 3248 restinguere
776 3171 853 3231 rivo.

247 3363 278 3403 v.
302 3335 504 3403 dos-525.
548 3336 623 3401 Non
642 3342 767 3404 maiore
788 3359 864 3404 cura
886 3334 1027 3417 indigent
1046 3326 1191 3405 Thracii,
1250 3322 1253 3328 ’

139 3445 198 3530 qui
215 3444 339 3507 utinam
354 3458 420 3507 tarn
435 3442 527 3506 facile
540 3457 664 3508 montes
680 3464 829 3528 superare
850 3438 981 3526 possint,
1009 3453 1107 3519 quam
1126 3426 1185 3494 si-

140 3548 218 3613 culi.
261 3545 402 3608 Versum
428 3546 500 3611 524.
531 3548 605 3611 citat
630 3543 754 3610 Cluver.
776 3543 862 3608 sicil.
885 3541 928 3606 ll.
956 3561 981 3603 c.
1003 3542 1054 3602 11.
1096 3531 1182 3616 Ergo

140 3650 290 3717 Thraciis
310 3665 515 3734 opponuntur
531 3649 644 3729 Siculi,
666 3651 797 3733 quibus,
818 3661 854 3710 ut
873 3643 976 3727 inquit
995 3637 1183 3713 lubusense,

141 3754 347 3838 quantumvis
376 3752 453 3815 alias
481 3754 585 3836 specie
613 3750 767 3832 delormi,
809 3748 899 3812 ludus
928 3760 993 3810 erat
1018 3736 1182 3807 Nebrodes

142 3875 294 3942 superare
328 3870 453 3918 montes
492 3871 522 3918 et
546 3855 665 3919 damas
701 3852 911 3936 hinnulosque
946 3848 1021 3913 inde
1055 3841 1179 3927 pellere·

142 3958 332 4034 Ὠκυτάτους
352 3959 494 4031 Σικελούς
516 3959 654 4042 appellat
673 3957 815 4043 Oppian.
835 3951 914 4040 Cyn.
935 3953 977 4034 l.‚
998 3952 1071 4016 272.
1116 3942 1179 4005 At·

136 4079 338 4149 tueatur-eos
356 4081 413 4146 pro
435 4058 547 4127 Siculis
568 4064 712 4129 dicuntur
727 4057 899 4128 montibus.
