2686 4928
530 361 878 440 -·--··ll⁷--

159 594 194 634 ..,,,
215 603 230 632 .:
252 607 257 614 .
276 579 308 628 v,
324 560 399 628 308.
440 558 584 647 Opponit
604 562 765 631 luxuriam
787 578 818 629 et
839 566 1023 651 impendia,
1052 568 1137 634 unde
1156 569 1231 655 plu·

157 665 252 743 uma
275 662 464 739 bominibus
483 668 587 731 ruina.
631 665 718 731 Nam
740 690 874 735 omnem
891 671 1117 735 'educationem
1140 686 1230 737 catu-

158 766 411 843 tummytuutis
424 769 568 851 imagine
587 794 723 855 magnae
739 787 834 855 atque
851 773 1073 839 corroboratae
1088 777 1226 859 exponit,

159 894 228 959 tflo
239 870 379 957 quidem
394 872 526 935 artificio
539 894 606 936 rem
623 889 671 939 sat
686 874 803 938 exilem
819 890 849 938 et
864 875 1022 939 humilem
1038 878 1080 941 ad
1095 900 1224 945 morum

164 988 338 1065 praecepta
357 976 469 1041 extulit
487 991 519 1041 et
537 975 578 1040 ab
597 980 681 1041 vitae
700 978 882 1044 eommunis
903 980 1019 1044 inertia
1040 980 1222 1047 vindicavit·

161 1078 254 1166 ,Em
276 1098 385 1163 usque
407 1078 451 1144 ad
476 1099 603 1145 versum
627 1086 702 1147 327.
731 1082 857 1149 luxuria
875 1095 1032 1168 quantum
1056 1104 1162 1148 mores
1190 1098 1221 1149 et

158 1182 293 1269 ingenia
309 1182 492 1267 depravarit
507 1181 689 1266 hominum,
709 1185 884 1251 illustribus
898 1186 1093 1251 demonstrat
1106 1205 1219 1249 exem-

162 1287 238 1376 'pl'm
277 1286 385 1352 Versu
407 1288 504 1370 igitur
520 1289 593 1353 310.
608 1290 690 1353 adeo
704 1306 852 1376 prompta
866 1304 934 1357 erat
949 1311 1067 1357 manus
1081 1288 1217 1369 Heinsii,

169 1404 208 1458 nt
227 1412 324 1455 omma
350 1390 590 1473 reponendum,
625 1393 647 1457 i.
670 1413 694 1456 e.
716 1397 853 1478 divitias,
885 1407 1018 1479 putaret.
1061 1391 1216 1459 mentm

166 1494 364 1562 adhaerescit
382 1494 427 1558 ita
448 1500 549 1557 censui
563 1516 689 1581 semper
703 1498 792 1560 notio
806 1498 968 1583 quaedam
987 1498 1065 1562 iuris
1084 1494 1213 1581 publici,

164 1596 250 1684 quod
273 1598 373 1661 etiam
393 1598 435 1661 ab
458 1596 577 1661 Ovidio
598 1596 672 1663 Am.
694 1602 737 1677 1.,
761 1604 810 1667 10.
833 1624 863 1668 v.
885 1598 946 1668 tt:
966 1616 1113 1685 paternos
1133 1621 1212 1665 voco

157 1700 373 1787 dgnibeamm
397 1716 450 1765 est
494 1701 559 1765 Sed
580 1723 663 1784 quae
686 1700 834 1767 aGratio
850 1704 932 1767 inter
954 1703 1132 1767 humanam
1154 1721 1211 1764 ca-

157 1806 337 1887 ninamque
357 1803 517 1867 luxuriam
539 1807 733 1889 comparatio
756 1805 839 1869 sacta
860 1818 922 1883 est,
953 1824 992 1867 ea
1012 1825 1077 1865 non
1092 1801 1132 1867 ab
1154 1802 1210 1865 di-

158 1908 250 1973 vitiis
268 1908 463 1985 imminutis,
493 1908 585 1971 seda
605 1909 726 1973 virtutis
745 1908 776 1969 vi
791 1905 974 1971 debilitatae
989 1904 1208 1990 proficiscitur,

159 2012 198 2077 id
211 2008 299 2097 quod
312 2032 406 2073 tensus
419 2032 494 2074 voce
508 2026 552 2074 est
565 2011 768 2077 declaratum.
813 2009 928 2074 Obiter
940 2025 1099 2087 notamus,
1120 2009 1210 2091 quod

159 2112 328 2183 arumde
349 2116 451 2196 apibus
473 2113 617 2193 dicatur,
648 2128 682 2177 ut
707 2114 803 2179 Ovid.
824 2114 903 2181 Met.
930 2110 1038 2191 Vllb,
1057 2111 1147 2191 847„
1170 2113 1207 2177 id

155 2240 224 2285 nun
239 2216 399 2305 pertinere
419 2216 459 2280 ad
483 2216 614 2280 Manilii
628 2215 752 2285 Astron.
768 2218 813 2300 1.,
843 2221 891 2284 12.
914 2215 990 2294 tlt,
1013 2220 1063 2282 72.
1092 2212 1206 2281 Corri-

155 2320 276 2409 gendus
291 2317 346 2382 bic
360 2339 435 2401 ergo
452 2317 602 2401 Scaliger.

259 2440 377 2505 ubil.
393 2436 536 2502 Breviter
550 2458 668 2501 moneo
681 2436 720 2501 de
735 2432 987 2499 correctionibus.
1020 2431 1204 2497 Sententiae

165 2532 343 2611 satisfecisse
362 2540 424 2605 sibi
443 2543 529 2606 visus
553 2555 599 2606 est
620 2536 712 2627 Casp.
736 2538 904 2617 Barthius,
931 2538 987 2621 qui
1010 2537 1097 2601 dedit
1117 2540 1203 2599 uitiis

162 2649 347 2718 abuentibus,
370 2658 401 2707 et
421 2642 523 2707 obiter
538 2645 674 2709 correxit
690 2644 731 2707 ad
751 2640 862 2708 Claud.
883 2642 923 2705 de
944 2641 1028 2705 laud.
1050 2640 1119 2704 Stil.
1132 2640 1201 2719 tlt,

159 2749 229 2819 160.
251 2762 362 2813 nostra
374 2745 471 2811 verba
485 2749 520 2810 in
535 2747 621 2813 hunc
635 2748 786 2812 modum:
804 2747 897 2808 tollat
909 2778 953 2793 -
968 2748 1071 2809 obstat.
1113 2741 1202 2805 Bur-

157 2856 268 2921 manni
288 2851 371 2915 illud
391 2854 575 2914 subeuntibus
594 2868 624 2917 et
637 2850 833 2914 adnitentibus
846 2846 987 2925 Heinsii,
1009 2861 1104 2929 atque
1115 2842 1202 2926 quod

157 2960 236 3024 item
252 2960 286 3019 iu
306 2956 462 3019 sententia
478 2971 641 3038 peccatum
662 2953 703 3017 ab
724 2950 826 3016 Ulitio
847 2966 910 3029 est,
931 2946 1039 3015 subtili
1057 2959 1200 3009 caetero-

160 3062 235 3146 quin
255 3074 284 3123 et
300 3058 394 3121 docto
411 3056 558 3138 humine,
579 3062 637 3143 qui
658 3054 829 3141 scripserit:
851 3076 918 3137 uon·
931 3067 961 3117 at
980 3054 1078 3131 tnagis
1095 3048 1198 3110 altaro

155 3188 253 3232 mus
273 3163 385 3236 Tollit,
406 3184 459 3223 uec
481 3167 562 3223 ratio
585 3176 659 3239 etc.,
681 3160 819 3241 denique
840 3152 975 3225 Graevii
996 3152 1198 3221 emendatio·

155 3288 229 3340 uem
250 3268 288 3330 iu
311 3263 438 3350 Sylloge
458 3263 558 3348 Epist.
579 3264 654 3345 lV.‚
676 3288 708 3350 p.
728 3261 803 3329 244.
850 3264 949 3339 Tollit¹
969 3263 1002 3323 ui
1031 3262 1131 3339 ratio,
1166 3268 1197 3319 at

154 3375 234 3447 abiis
253 3370 441 3433 adeuntibus
466 3370 583 3442 obstat,
619 3387 659 3433 ea
681 3366 795 3433 lubens
823 3367 1041 3455 praetermitto
1066 3358 1197 3443 singula.

153 3472 433 3557 blaffirepugnare
448 3470 543 3536 buius
557 3491 664 3537 versus
680 3475 868 3537 sententiam
881 3465 1077 3549 antecedenti
1090 3462 1195 3527 versui

153 3590 358 3654 ffltpmarunt
371 3575 425 3639 isti
447 3596 574 3654 omnes,
599 3597 736 3660 quorum
757 3574 942 3661 bipartitam
965 3569 1104 3650 intelligo
1117 3586 1193 3630 sen-

113 3703 116 3723 ¹
151 3680 285 3762 tamitana
309 3698 385 3743 esse.
426 3676 547 3741 Partim
567 3679 655 3743 enim
678 3678 775 3741 verba
796 3680 880 3741 tollit
898 3698 929 3740 sa
949 3679 1031 3737 ratio
1052 3672 1097 3735 ita
1117 3684 1191 3736 suut

149 3780 361 3870 {ptenpgt'etatia
383 3782 426 3845 Ea
439 3785 650 3845 antsclrwindet
662 3786 712 3846 die
732 3779 891 3865 Vernuust,
913 3779 1005 3864 quasi
1019 3789 1097 3841 esset
1110 3772 1191 3862 scri-

145 3896 266 3972 ptum-t
277 3880 384 3965 -ausart
399 3905 448 3958 sa;
479 3887 598 3971 partim
614 3891 743 3970 optandi
755 3890 822 3951 vim
836 3885 957 3949 eisdem
972 3879 1076 3946 verbis
1091 3878 1191 3939 inesse

144 3986 335 4085 aplppgrunt:
361 3991 478 4051 utinum
494 4010 524 4050 sa
544 3991 652 4071 tollat,
665 3993 686 4055 i.
701 4013 727 4053 e.
741 3995 851 4069 erigat.
896 3987 944 4053 Ac
957 3985 1044 4072 prior
1057 3978 1189 4065 quidem
1202 4054 1205 4061 Ι

139 4093 230 4159 ratio
244 4102 314 4153 tum
328 4086 464 4155 barbare
481 4091 649 4157 enunciata
664 4107 761 4172 esset,
780 4107 850 4158 tum
863 4088 989 4156 facilius
1008 4099 1092 4153 certe
1111 4102 1190 4169 poe:
