2686 4928
255 547 284 591 v.
301 523 356 590 52.
400 521 503 589 Ulitio
515 526 742 612 astipulamur,
770 527 843 613 qui,
873 549 950 595 cum
968 549 1114 616 perversa
1128 534 1209 602 olim

156 634 191 700 sic
209 633 503 714 interpungeretur:
529 662 576 687 ι·-
600 637 706 698 armis.
752 634 850 698 Nullo
864 633 945 718 fidos
963 656 1069 719 crgo,
1100 638 1207 706 uerius

150 731 373 820 distinguenda
391 733 493 798 verba
500 748 641 802 curaret
687 735 775 802 Tum
788 735 907 802 vallem
919 755 1098 819 angustum,
1118 764 1205 827 qua-

150 839 207 905 lern
223 838 379 902 decursus
390 855 548 920 aquamm
561 837 655 920 fecit,
672 841 791 906 retibus
805 839 853 906 ait
867 839 1004 910 obesse..
1030 844 1134 912 Versu
1150 847 1203 915 63.

150 967 217 1027 rpus
229 938 374 1022 intellige
387 937 428 1003 de
440 943 619 1022 venatione,
633 955 669 1007 ut
681 965 710 1005 v.
724 943 776 1010 48.
791 955 823 1007 et
838 941 926 1009 alibi.
971 944 1037 1011 Sed
1054 970 1128 1015 cnm
1141 971 1202 1018 ve·

148 1045 262 1113 teribus
277 1041 520 1127 exemplaribus
534 1047 744 1130 perscriptum
756 1060 853 1112 esset:
883 1068 1061 1134 crassaeque
1077 1057 1200 1120 modum

138 1147 481 1236 swero-Pithoeusquo
502 1148 685 1214 coniecisset
703 1173 881 1235 crassaeque
904 1154 995 1215 udum
1009 1150 1058 1237 f.·‚
1084 1176 1197 1223 rerum

142 1255 229 1319 uidit
239 1247 477 1335 aliquantulum
497 1248 723 1332 I).'Heinsius,
744 1254 819 1320 libri
841 1253 903 1319 Ms.
917 1257 1105 1323 auctoritate
1118 1281 1196 1323 mo-

147 1373 221 1434 tor,
247 1356 402 1419 obicum
428 1353 599 1419 invenisset
627 1377 804 1442 caussaeque
830 1360 945 1423 malum
966 1356 1140 1428 Parisiensi
1161 1376 1193 1429 et

150 1457 354 1542 Irugduucosi
374 1455 458 1519 libro
478 1457 761 1543 consentientibus,
790 1461 858 1546 ipse
876 1481 988 1526 reram
1003 1465 1193 1551 scripturam

147 1563 285 1629 retinxit:
305 1563 427 1631 malum,
428 1559 531 1644 facere
544 1561 660 1647 (Epist.
671 1562 713 1626 ad
721 1559 837 1630 Graev.
854 1563 955 1631 T.lV.
971 1564 1047 1652 Syll.
1056 1591 1087 1653 p.
1094 1571 1194 1650 287.)

142 1667 210 1733 ssu
231 1687 357 1730 aursus
381 1665 536 1748 scriptura
561 1679 748 1730 sustentatur
767 1665 924 1754 Olympio
946 1665 1027 1755 Cyn.
1053 1670 1195 1763 v.s16.‚
1319 1689 1326 1702 ‘

141 1767 290 1836 Martial.
308 1767 387 1847 xl„
405 1771 477 1847 21„
511 1765 648 1851 Virgilio
669 1765 787 1851 Georg.
805 1769 848 1831 ll.
868 1791 897 1832 v.
913 1773 984 1835 110.
1029 1771 1195 1855 stribligi-

142 1897 228 1942 uem
240 1870 342 1936 metri
351 1869 476 1992 iuduxg
485 1870 652 1937 Turnebus
666 1892 724 1936 sua
736 1873 931 1938 coniectura:
954 1871 1151 1958 madefecere.

259 2101 292 2142 v.
312 2071 362 2140 61.
398 2071 476 2139 Non
498 2074 669 2143 ,haeremus
690 2077 726 2141 in
745 2075 920 2163 perfuderit
939 2077 1053 2160 verbo‚·
1085 2078 1139 2144 cui
1160 2093 1195 2146 ut

147 2180 363 2248 accusativum
386 2178 574 2260 cogitatione
599 2180 754 2245 adderent
774 2180 917 2262 aliquem
939 2181 1122 2248 laborarunt
1140 2185 1195 2246 in-

142 2299 304 2372 terpretes.
346 2280 391 2346 At
410 2283 498 2344 enim
518 2284 701 2367 saepissime
719 2283 882 2346 transitiva
906 2283 1000 2348 verba
1019 2286 1195 2352 intransiti-

144 2410 223 2453 nam
242 2384 505 2470 significationem
535 2386 668 2464 habent,
704 2385 750 2449 ita
776 2383 959 2448 enimcum
980 2389 1195 2468 grammaticis

152 2491 257 2554 licebit
277 2488 377 2573 loqui.
422 2485 514 2559 ,Vide
543 2489 691 2576 exempla
718 2486 805 2576 apud
835 2485 1041 2555 Vechnorum
1067 2487 1150 2555 Heli.
1169 2488 1196 2564 l,

153 2616 178 2660 c
196 2591 249 2660 Vl.

250 2821 279 2860 v.
302 2794 357 2865 55.
401 2794 512 2882 inepta
539 2797 649 2860 omnia
676 2793 803 2858 obtrusa
830 2810 904 2859 suut
933 2792 1058 2862 Gratio.
1101 2794 1195 2876 Ecce,

146 2899 234 2987 quod
250 2901 355 2964 nescio
370 2920 436 2982 qua
450 2898 518 2982 lege
531 2898 697 2984 prosodiae
709 2897 858 2982 scripsere
869 2898 1003 2979 quidam
1017 2902 1197 2964 Phoenicas!

150 3007 253 3068 Helico
274 3025 370 3083 vero,
398 3004 483 3086 quod
507 3018 552 3067 est
572 3001 657 3066 sidus
680 3001 745 3064 ursi
772 3001 904 3066 maioris
927 3000 1013 3085 apud
1034 2999 1197 3065 Ovidium

147 3107 229 3173 Fast.
245 3107 319 3185 111.,
338 3111 425 3188 108„
439 3108 685 3190 septentrionem
701 3117 806 3180 notat,
830 3104 882 3165 cui
897 3119 1016 3169 constat
1023 3118 1197 3188 tempesta-

145 3226 211 3277 tem
226 3228 375 3275 serenam
396 3210 558 3292 propriam
574 3228 655 3283 esse,
676 3205 751 3270 hinc
767 3204 950 3289 aquilonem
970 3210 1089 3272 clarum
1103 3221 1197 3274 vocat

147 3311 302 3396 Virgilius
326 3308 444 3393 Georg.
472 3311 496 3378 1.
527 3334 558 3375 v.
580 3311 673 3386 460.;
710 3331 768 3374 nec
795 3308 874 3392 fugit
902 3310 962 3377 hoc
991 3306 1197 3380 Gronovium

141 3416 288 3490 observ.
301 3414 358 3495 ll.,
382 3418 432 3480 13.
452 3414 616 3478 laudatum
637 3412 677 3478 ab
692 3411 933 3495 Wernsdorfio,
958 3417 1017 3499 qui
1038 3413 1196 3479 Ovidium

149 3532 314 3603 comparat
329 3516 408 3581 Met.
423 3515 464 3595 1.,
485 3522 558 3583 262.
602 3513 723 3597 Aquilo
738 3517 841 3597 igitur,
855 3517 912 3599 qui
928 3515 1075 3580 abArcto
1087 3517 1196 3603 spirat,

149 3625 248 3687 nubes
270 3635 302 3685 ct
322 3619 443 3683 imbres
464 3614 565 3700 sugat,
587 3634 617 3685 et
633 3619 806 3682 siccitatem
821 3617 951 3683 inducit.
994 3617 1083 3685 Tum
1101 3640 1196 3686 versu

151 3720 457 3790 transeundum
483 3736 526 3784 est
547 3721 647 3801 illud,¹
675 3721 716 3785 de
744 3744 809 3806 quo
833 3719 961 3786 Vossius
986 3721 1127 3808 loquitur
1152 3721 1195 3785 ad

144 3822 269 3910 Geor-g.
284 3827 342 3907 lt,
365 3849 394 3910 p.
408 3828 497 3903 362„
520 3845 684 3888 consuesse
698 3840 817 3890 veteres
830 3824 1040 3907 agriculturae
1057 3841 1087 3889 et
1100 3824 1196 3888 navi-

154 3931 287 4013 gationis
307 3930 517 3993 instrumenta
538 3931 680 4010 itemque
703 3930 800 4007 retia,
815 3952 818 3956 ·
834 3951 875 3991 ne
898 3927 975 4012 quid
997 3951 1035 3992 cx
1060 3929 1196 3992 humore

156 4034 338 4100 detrimenti
360 4047 523 4117 caperent,
551 4029 984 4118 suprulocumfuligiuatum
997 4030 1196 4118 suspendere.
