2686 4928
72 978 78 989 ’
168 1139 172 1145 ,
278 1003 1085 1114 COMMENTATIONES

645 1228 707 1274 nu

390 1350 621 1418 OLYMPII
657 1348 969 1419 NEMESIANI

144 1506 619 1641 ‘CARMINE
679 1502 1201 1595 VENATICO.

522 1716 833 1742 w

149 1964 181 2008 7·
204 1936 366 2007 1,..102‚
410 1884 533 1990 Duae
548 1925 683 1989 omnino
705 1945 754 1990 res
772 1939 964 2010 sunt,·quae
983 1925 1067 1988 vitio
1090 1923 1205 1988 dantur

150 2041 309 2132 olympio
331 2039 366 2099 in
388 2031 510 2099 exordii
533 2029 777 2112 compositione:
814 2028 951 2092 ambitus
980 2029 1143 2113 prooemii
1170 2028 1204 2089 in

141 2148 290 2214 nimiam
303 2136 535 2221 longitudinem
550 2145 715 2210 extensus,
739 2146 771 2194 et
785 2131 950 2197 affectatae
969 2133 1131 2198 doctrinae
1147 2129 1201 2191 in-

150 2249 337 2335 tempestiva
353 2240 527 2304 ostentatio.
564 2235 710 2299 Alterum
724 2236 844 2298 crimen
861 2236 1034 2300 elevabitur
1044 2255 1091 2312 eo,
1111 2231 1197 2314 quod

150 2357 211 2424 sibi
225 2348 371 2436 ¹‘amplius
387 2366 465 2427 opus
485 2341 609 2404 videtur
631 2339 841 2423 proposuisse,
865 2363 963 2424 quarn
982 2338 1062 2424 quod
1077 2335 1118 2399 ad
1137 2354 1194 2396 rtos

141 2457 303 2549 pervenit.
346 2446 545 2512 Fabularum
567 2458 676 2505 autem
700 2439 833 2505 effusam
857 2447 983 2526 copiam
1013 2442 1115 2505 serant
1139 2456 1200 2500 ne-

142 2584 237 2632 ,cesse
267 2571 314 2621 est
341 2553 499 2616 seriorum
523 2559 692 2628 poetarum
721 2545 901 2628 loquacitati
931 2546 1054 2609 assueti.
1098 2537 1203 2624 Atque

149 2683 282 2733 carmen
296 2653 465 2722 instituisse
474 2662 601 2735 poetam
614 2646 714 2709 multo
720 2634 831 2711 ‘maius
846 2662 875 2710 et
888 2648 1027 2733 amplius
1040 2646 1085 2711 ab
1095 2643 1204 2709 omni·

150 2771 219 2848 bus,
243 2765 297 2849 qui
310 2759 360 2823 vel
373 2756 483 2820 leviter
494 2766 623 2837 poetam
636 2750 812 2832 tetigerunt,
833 2766 877 2814 est
890 2751 1077 2816 iudicatum.
1119 2747 1204 2812 Ver-

151 2873 237 2941 sibus
253 2865 342 2931 enim
357 2861 433 2927 287.
445 2860 520 2922 238.
536 2876 570 2921 se
584 2866 709 2920 tantum
724 2852 764 2916 de
781 2869 934 2940 apparatu
955 2855 1103 2920 venatico
1115 2848 1203 2935 loqui

149 2973 328 3065 profitetur3
348 2965 454 3049 ipsam
469 2959 625 3022 rationem
642 2956 781 3020 venandi
793 2979 858 3020 m
871 2959 1030 3042 exposuit,
1053 2955 1112 3021 sed
1129 2974 1201 3020 mox

150 3104 185 3148 se
204 3075 381 3142 relaturum
402 3061 570 3151 promittit.
617 3058 728 3143 Quam
754 3060 883 3142 quidem
904 3061 1058 3124 carminis
1078 3073 1198 3145 partem

150 3207 173 3248 a
191 3200 282 3244 versu
302 3177 375 3239 320.
394 3186 505 3250 capere
526 3162 676 3243 initium,
707 3164 858 3247 equidem
881 3185 1066 3248 persuasum
1089 3161 1194 3226 habeo.

150 3280 344 3370 Bipartitum
361 3286 405 3337 est
420 3283 527 3334 autem
541 3266 710 3330 exordium
724 3268 887 3332 carminis.
929 3267 969 3331 ln
988 3268 1098 3354 prima
1115 3275 1197 3351 parte

150 3383 325 3473 Virgilium
337 3375 462 3440 videtur
475 3372 562 3454 sequi
575 3385 777 3454 versaturque
791 3371 823 3431 in
839 3392 951 3433 eorum
960 3369 1199 3433 enumeratione

151 3493 318 3565 omnium,
344 3501 429 3566 quae
448 3487 627 3540 cantaturus
650 3497 716 3539 non
744 3473 792 3536 sit.
836 3473 904 3552 En,
931 3471 1121 3551 fabularum
1150 3489 1200 3534 re·

151 3595 351 3665 censionem,
375 3605 453 3670 quas
472 3592 591 3641 veteres
612 3591 727 3662 poetae
747 3577 966 3656 tractaverint,
994 3575 1030 3638 in
1051 3596 1134 3658 quas
1152 3587 1200 3637 ta-

150 3708 317 3764 mentam
339 3687 407 3753 fuse
429 3680 582 3757 excurrit,
610 3695 646 3743 ut
665 3680 718 3743 vix
738 3678 874 3743 modum
894 3691 1008 3744 teneat.
1032 3675 1199 3762 [Wemsd.

150 3803 285 3886 Argum.
307 3815 336 3877 p.
359 3793 428 3873 88].
469 3783 579 3848 Altera
603 3782 763 3867 prooemii
785 3804 859 3867 pars
878 3783 913 3844 in
935 3780 1030 3846 laude
1057 3796 1197 3846 versatur

151 3905 343 3974 Caesarum,
369 3890 511 3957 filiorum
527 3882 603 3950 Cari
618 3887 832 3970 imperatoris,
853 3886 887 3950 in
902 3900 1050 3970 quatum
1067 3900 1197 3949 senten-

152 4013 270 4076 tiarum
304 4018 374 4066 turn
411 3991 583 4059 verborum
620 3986 809 4072 elegantiam
823 3990 1111 4073 *gravitatemqueq
1124 4004 1194 4074 prae

154 4112 262 4182 ceteris
284 4121 327 4173 est
349 4098 513 4170 admirari.
