2686 4928
492 342 840 422 ...200-

152 537 338 626 significere.
377 536 490 606 Alium
508 525 652 607 ‘m'odum
673 538 853 625 explicandi
878 510 1086 615 commendat
1107 533 1194 600 idem

152 645 209 710 ille
223 645 264 710 ed
279 643 417 709 Phaedr.
430 643 501 720 lll.‚
520 649 593 709 20.=
616 644 692 708 Moe
708 668 795 727 quum
808 645 887 722 (iam
903 642 1017 705 validis
1029 652 1090 706 etc.
1112 661 1196 702 mas-

112 747 131 787 ·‘
154 768 202 813 ses
212 752 283 828 etc.)
299 749 412 813 illaesis
425 749 541 810 mulos
552 770 577 810 s.
591 770 620 809 ιι.
635 750 790 822 membris,
807 762 877 812 tune
888 755 949 811 etc'
957 740 1197 829 cohaerentibus

157 848 304 912 videlicet
324 875 410 935 quum
432 886 475 898 -
495 855 695 933 spectaretis,
729 849 854 914 relicuis
882 844 973 931 quasi
999 864 1058 928 per
1081 865 1198 930 paren-

158 951 287 1016 thesin
273 953 472 1041 interpositis
516 952 559 1017 As
578 974 642 1016 non
663 953 742 1017 solet
762 951 931 1039 Olympius
945 962 1089 1012 contorte
1105 947 1199 1032 loqui,

159 1054 248 1133 cuius
263 1053 358 1139 plana
373 1055 535 1136 estprbivis
554 1077 591 1121 ac
604 1056 745 1121 dilucida
761 1055 870 1120 oratio.
909 1050 957 1115 Et
971 1050 1054 1116 haec
1067 1051 1196 1149 quidem

152 1151 316 1259 ,sufficiant
351 1157 390 1221 de
421 1157 640 1229 Burmanno.
667 1148 856 1246 Composuit
883 1156 929 1218 ita
958 1151 1195 1229 Wernsclorfius

159 1271 347 1324 structuram
352 1260 555 1339 ‚verborum
575 1276 609 1326 ut
627 1267 811 1348 spectaturis
824 1281 881 1344 pro
895 1256 998 1323 suturo
1020 1254 1154 1323 haberet
1169 1269 1198 1322 et

159 1361 292 1449 epodosi
311 1363 425 1448 prioris
448 1364 603 1430 membri:
629 1392 716 1452 quum
734 1382 803 1431 octo
818 1383 940 1427 menses
959 1374 1090 1444 apartu
1100 1349 1201 1446 elapsi

160 1465 275 1529 ualidis
294 1470 431 1530 insistere
448 1471 582 1539 eruribus
602 1471 685 1554 passi
698 1467 833 1546 fuerint,
855 1489 925 1529 moa
942 1462 1133 1545 speclaverrs
1150 1487 1201 1527 ea-

160 1567 241 1649 tuias
252 1581 309 1632 etc.
331 1607 371 1620 -
393 1582 473 1632 tune.
516 1568 559 1634 At
579 1571 633 1636 hic
649 1572 779 1656 quidem
795 1568 917 1633 duobus
937 1565 1111 1649 generibus
1131 1588 1202 1654 pec-

161 1670 254 1735 cavit.
296 1669 388 1737 Prius
403 1673 516 1737 vitium
531 1675 564 1737 in
582 1659 787 1758 ambiguitate
803 1687 849 1736 est
864 1671 1002 1757 positum
1022 1684 1201 1760 structurae

161 1771 246 1859 Quis
269 1776 356 1839 enim
376 1797 462 1858 quum
483 1774 673 1860 particulam
698 1798 763 1840 non
791 1796 863 1839 curn
891 1776 1080 1858 spectaueris
1104 1775 1199 1859 primo

161 1875 328 1947 oculorum
348 1878 456 1941 obtutu
477 1879 604 1962 iunget?
644 1878 793 1944 Alterum
816 1877 930 1940 vitium
955 1872 1057 1939 multo
1081 1879 1205 1961 ςιιιίιιι

160 1978 334 2049 sententiae
352 1982 447 2045 inest:
476 1979 561 2066 Ergo
582 1996 653 2051 octo
674 1958 834 2052 mensiurss
858 1977 1061 2044 intervallum
1084 1978 1206 2060 efficiet,

162 2098 198 2148 ut
225 2061 338 2146 illaesis
365 2083 521 2147 membris
541 2084 716 2170 conspicias
736 2084 874 2149 catulos?
915 2079 1057 2144 lmmo
1045 2070 1206 2169 integritas

162 2184 280 2252 virium
299 2203 419 2249 acnra
425 2188 630 2252 nutrientium
650 2186 782 2272 pendet,
803 2196 868 2248 non
890 2204 910 2248 a
929 2183 1079 2268 temporis
1092 2185 1203 2269 aliano

162 2287 272 2372 spatio.
316 2286 381 2353 ssd
403 2304 514 2375 poetae
531 2305 678 2354 ornatum
695 2311 759 2353 non
778 2280 877 2352 modo
897 2308 962 2350 non
982 2284 1118 2369 rdiqull,
1142 2286 1198 2351 sed

162 2389 299 2476 explevit
338 2392 545 2479 undiquaque
578 2395 780 2476 lohnsonus;
821 2390 910 2458 cuius
947 2387 1222 2457 emendationem·

164 2493 270 2566 nescio
291 2516 348 2557 cur
368 2514 426 2576 ego
450 2497 609 2560 obiitus
584 2519 646 2559 sun
673 2495 773 2559 textui
801 2492 1008 2557 subscribere.
1050 2466 1207 2579 corrupta

163 2606 211 2656 est
237 2595 323 2657 enirn
344 2603 527 2677 spectaveris
545 2616 610 2708 vor
631 2598 701 2661 sine
723 2595 830 2662 dubio.
872 2597 958 2680 Ergo
984 2613 1108 2682 repone
1134 2621 1209 2666 curn

163 2692 341 2758 ΙοΙιιιιοιιοι

271 2817 346 2881 Mna
366 2839 453 2901 quum
476 2821 537 2880 iam
558 2820 673 2882 ualidis
691 2820 829 2881 insistere
850 2819 986 2880 cruribus
1007 2829 1098 2882 naas

270 2924 369 2986 Passa
388 2933 493 3004 qnater
512 2923 596 2987 binos
617 2915 746 2984 uoluens¹
759 2921 799 2981 ab
821 2924 937 2997 origine
959 2941 1084 3000 menses,

270 3023 389 3088 illaesis
409 3025 525 3086 catulos
546 3026 793 3107 spectaverit
815 3024 942 3105 undique
964 3023 1117 3105 membris,

165 3138 250 3209 Vide
257 3139 429 3221 Virgilium
439 3140 517 3204 A‘en.
531 3140 572 3222 1.‚
586 3139 660 3207 265.
672 3140 787 3206 eodem
802 3137 953 3224 loquendi
967 3149 1085 3223 genere
1101 3164 1203 3210 usum:

271 3260 376 3322 Tertia
397 3261 468 3329 dum
491 3262 584 3322 Latio
613 3276 787 3340 regnantem
808 3264 931 3347 uiderit·
945 3273 1056 3324 aestas.

168 3372 252 3444 Cum
284 3376 458 3442 locutione:
499 3380 621 3442 uoluens
648 3383 688 3443 ab
716 3386 833 3461 origine
870 3403 979 3445 menses
1012 3380 1210 3465 comparavit

168 3481 318 3551 Barthius
352 3475 550 3545 Graecorum
587 3482 871 3569 περιπλομένων
857 3489 1011 3549 straveris.
1068 3482 1212 3562 Triginta

170 3607 294 3664 magnos
313 3586 469 3648 volvendis
490 3588 633 3649 mensibus
653 3587 794 3648 orbis-
812 3587 952 3670 Eapltbit
965 3586 1056 3668 Virg.
1076 3586 1166 3652 Aen.
1188 3585 1212 3653 l.
1236 3579 1241 3598 '

168 3711 198 3752 v.
212 3690 304 3765 269„
324 3689 472 3750 volvenda
485 3690 548 3751 dies
562 3688 640 3752 Aen.
648 3680 793 3754 1Χ.ν..7

179 3878 182 3883 -
272 3842 387 3906 v.182.
408 3809 411 3816 Ι
425 3842 550 3926 sortem.
593 3840 953 3908 verissimsltanhius:
982 3859 1067 3924 quae
1083 3839 1212 3907 roboret

171 3968 224 4011 eos
241 3961 270 4010 et
293 3942 465 4008 confirmet.
511 3944 610 4012 Versu
632 3949 699 4011 162.
709 3946 841 4031 sortibus
854 3959 885 4007 nt
902 3950 978 4008 sucis
994 3951 1117 4009 t'eneras
1131 3969 1214 4010 com·

168 4053 254 4132 plere
269 4050 413 4119 medullas
425 4052 549 4129 possint.
593 4049 757 4134 Quantum
772 4050 866 4134 igitur
879 4047 1072 4113 emendandi
1086 4046 1214 4112 libidini
