2686 4928
616 388 1021 466 ..tw-¹¹¹,

256 591 384 675 regione
395 588 497 657 Altini
504 587 524 668 ,¹
532 589 642 678 oppidi
654 592 688 655 in
702 588 849 672 Venetis,
869 588 956 656 unde
968 587 1124 654 Altinates
1138 584 1307 658 hastilibus

257 707 347 795 aptes
363 694 475 762 laudat
488 707 601 772 noster.
622 694 661 758 V.
672 693 815 760 Plinium
829 692 961 777 xxtv,
977 697 1019 774 9.,
1033 689 1103 775 Ab]
1118 692 1305 759 Wernsd.

362 835 391 878 v.
407 818 480 882 181.
524 813 645 899 Ampla
660 813 856 880 coniectandi
872 817 964 899 copia
977 827 1064 900 patet
1081 811 1169 878 hisce
1185 811 1305 880 uerbis:

400 939 403 945 ’
471 953 516 967 -
537 940 649 1002 operae
670 919 783 983 lutoser
804 924 935 999 agrestis

474 1023 604 1087 Termes.
844 1098 848 1105 Ι

259 1118 368 1186 Facile
396 1135 506 1187 tamen
536 1146 704 1210 possumus
731 1125 869 1192 aliorum
891 1108 1098 1190 correctiones
1125 1122 1303 1208 praeterire,

260 1247 342 1309 quas
355 1227 534 1290 notavimus
546 1229 579 1290 in
592 1227 818 1315 scripturarum
838 1229 1038 1292 diversarum
1053 1227 1302 1319 enumeratione

260 1328 347 1394 Inter
361 1347 415 1394 eas
433 1329 585 1396 lohnsoni
604 1332 729 1399 videtur
744 1332 852 1417 opinio
867 1329 987 1415 aliquid
1009 1328 1160 1415 ponderis
1183 1329 1301 1409 habere,

260 1432 318 1516 qui
336 1432 464 1500 lotasler
482 1437 620 1520 scripsit,
646 1449 742 1522 prout
761 1441 898 1518 pinaster
912 1448 958 1500 est
971 1448 1065 1518 atque
1084 1435 1220 1499 oleaster
1240 1424 1302 1500 sor·

261 1550 398 1604 matum.
439 1537 561 1603 Plinius
580 1537 676 1605 refert
697 1539 803 1619 Xllh,
828 1543 879 1607 17.
902 1552 933 1603 et
950 1537 1057 1616 XVI.,
1078 1541 1132 1603 30.
1162 1539 1201 1603 in
1220 1537 1303 1604 Italia

261 1641 347 1704 loton
366 1639 515 1706 arborem
538 1642 623 1725 gigni
645 1644 774 1727 eiusque
793 1663 861 1710 esse
875 1641 1078 1725 longissimos
1097 1663 1212 1712 ramos
1228 1641 1303 1708 vali·

262 1742 481 1830 dissimosque.
538 1743 662 1812 Verum
691 1748 726 1811 in
753 1746 876 1812 tantilla
899 1745 1032 1831 quidem
1062 1741 1126 1807 fide
1154 1743 1302 1811 librorum

261 1846 335 1932 quis
354 1848 486 1913 tandem
507 1855 566 1935 pro'
581 1865 666 1915 certo
682 1850 837 1929 venditet,
863 1849 952 1933 quod
974 1861 1019 1914 est
1037 1849 1301 1919 incertissimuml.

261 1948 411 2026 Accedit,
438 1953 524 2036 quod
544 1976 656 2036 operae
670 1974 730 2016 vox
747 1951 810 2017 ulla
825 1953 877 2015 vix
898 1968 999 2038 potest
1014 1966 1171 2018 structura
1186 1967 1302 2018 susten·

261 2055 332 2123 tari.
376 2053 480 2134 Vide,
516 2078 596 2119 num
616 2056 774 2141 scripserit
791 2072 884 2140 poeta
908 2070 939 2119 et
958 2055 1136 2147 distinxerit
1155 2057 1220 2122 ita:

367 2160 411 2224 Et
433 2164 531 2239 mugt's
551 2164 718 2244 incomptus
740 2174 903 2242 superor
919 2161 1063 2235 lotosler,
1093 2158 1226 2240 agres'tr‘s

369 2263 491 2328 Termes

263 2362 326 2432 hae
343 2366 484 2434 rationes
516 2372 612 2448 magis
635 2368 822 2450 longitndine
849 2373 929 2432 inter
951 2368 1082 2432 relicuos
1108 2369 1229 2433 arbores
1251 2366 1300 2430 lo-

261 2482 359 2534 tuster
380 2475 498 2534 eminet.
542 2469 653 2554 ltaque
675 2471 754 2538 lotos
774 2471 854 2552 itta‚·
881 2471 1109 2557 qualiscunque
1135 2486 1199 2552 est,
1224 2493 1305 2556 qno-

201 2642 204 2647 ,
261 2571 353 2636 niam
380 2570 532 2659 myrrhae
558 2573 715 2656 congener
738 2590 799 2655 est,
833 2590 867 2639 ut
889 2574 1129 2660 Theophrastus
1155 2573 1307 2658 significat

263 2674 351 2760 apud
374 2672 571 2742 Salmasium
593 2677 635 2741 ad
657 2677 755 2743 Solin.
777 2703 807 2763 p.
829 2682 902 2746 729.
923 2699 959 2757 a,
987 2678 1032 2744 tt:
1065 2670 1170 2763 pleros
1191 2681 1226 2743 δὲ
1247 2704 1307 2742 κα-

260 2781 369 2865 θάπερ
400 2772 441 2847 ed
464 2781 587 2866 μύρτα,
622 2784 701 2846 turis
744 2785 840 2847 etiam
874 2782 995 2848 arboris
1023 2782 1161 2866 degener
1185 2781 1306 2846 ridetur

260 2883 369 2952 fuisse.
410 2882 499 2949 Nam
515 2871 553 2949 ex
575 2885 689 2951 eadem
703 2885 770 2951 fere
785 2886 896 2951 arbore
911 2903 961 2952 tus
976 2887 1164 2951 nascebatur
1175 2900 1207 2952 et
1219 2906 1304 2974 mpr-

175 3026 186 3043 -·
261 2988 331 3054 rha.
378 2987 466 3053 Hinc·
482 3003 531 3057 est
554 2989 640 3073 quod
663 3011 683 3054 a
709 2989 841 3054 Sabaeis
862 2991 905 3055 ait
929 2991 1050 3056 arboris
1077 2992 1147 3059 eius
1175 2991 1299 3077 stirpem

184 3166 190 3195 ι
258 3094 401 3178 primam
420 3091 455 3155 in
472 3090 600 3157 ltaliam
616 3093 791 3159 traductam
813 3114 889 3159 esse.
1126 3081 1129 3084 ⁴

365 3217 395 3258 r.
409 3197 481 3265 182.
498 3198 571 3263 183.
616 3199 716 3261 Terea
735 3203 826 3278 virgo
847 3194 986 3263 defertur
999 3213 1037 3259 ex
1052 3192 1184 3261 Arabia.
1228 3194 1298 3262 Sat·

262 3296 418 3384 oppidum
436 3311 504 3362 erat
521 3313 551 3361 et
566 3301 653 3381 regio
666 3298 822 3384 Arabiae,
843 3301 927 3366 unde
940 3299 1119 3365 uberrimus
1139 3301 1221 3368 turis
1231 3320 1297 3387 ptr·

261 3417 375 3470 ventus
395 3402 430 3465 in
449 3399 626 3486 Europam.
670 3403 776 3468 Posita
793 3420 858 3470 erat
871 3404 912 3468 ad
929 3419 1013 3468 ortus
1030 3404 1106 3468 solis
1121 3405 1237 3469 aestivi
1248 3425 1299 3487 ru·

259 3507 354 3592 pibus
369 3505 509 3590 undique
522 3507 619 3571 invia.
663 3508 702 3572 V.
717 3508 796 3572 Plin.
806 3507 848 3576 N.
863 3509 902 3576 H.
917 3507 1004 3587 th,
1020 3505 1069 3573 14.
1087 3521 1119 3572 et
1132 3504 1300 3586 Arrianum

202 3635 204 3639 ⁴
260 3611 347 3694 apud
365 3609 496 3675 Salmas.
511 3611 552 3675 ad
568 3610 667 3676 Solin.
684 3613 703 3675 l.
719 3613 739 3678 l.
784 3612 889 3678 Sabae
900 3626 1006 3678 autem
1019 3609 1172 3676 turiferae
1189 3613 1299 3679 mentio

260 3709 296 3777 fit
316 3713 403 3798 apud
420 3712 552 3779 Esaiam
566 3716 679 3800 proph.
701 3738 725 3781 c.
742 3716 794 3782 50.
838 3717 959 3783 Pariter
979 3718 1061 3780 Eous
1086 3704 1227 3799 Arabum
1248 3718 1299 3780 do·

263 3837 327 3880 raes
362 3821 507 3882 nominat
527 3819 646 3903 'Virgil
673 3817 790 3904 Georg.
815 3823 874 3902 lh,
900 3819 1066 3900 115.,ut›i
1093 3819 1235 3906 locuples
1264 3829 1300 3884 etl

261 3919 402 3986 Vossius.
424 3919 480 3986 cfr.
501 3921 598 3989 Ovid.
614 3921 692 3988 Met.
705 3924 761 4003 X.‚
778 3923 851 3990 480.
895 3927 999 3990 Mater
1012 3929 1090 3986 turis
1108 3945 1128 3988 a
1144 3921 1254 3989 Plinio
1264 3914 1309 3987 lid

261 4021 302 4087 H.
316 4022 336 4090 l.
349 4022 370 4089 l.
389 4030 483 4090 terete
498 4042 525 4092 et
543 4031 632 4094 enodi
639 4027 798 4120 fruticare
807 4043 914 4096 trunco
936 4029 1049 4096 dicitur
1065 4046 1169 4111 eoque
1186 4023 1305 4095 hastili·
1328 4065 1343 4127 1

260 4125 320 4193 bus
335 4144 410 4214 apta
425 4146 479 4199 est.
