<?xml version="1.0" encoding="UTF-8"?>
<!DOCTYPE html PUBLIC "-//W3C//DTD XHTML 1.0 Transitional//EN"
    "http://www.w3.org/TR/xhtml1/DTD/xhtml1-transitional.dtd">
<html xmlns="http://www.w3.org/1999/xhtml" xml:lang="en" lang="en">
 <head>
  <title>
</title>
<meta http-equiv="Content-Type" content="text/html;charset=utf-8" />
  <meta name='ocr-system' content='tesseract 3.04.00' />
  <meta name='ocr-capabilities' content='ocr_page ocr_carea ocr_par ocr_line ocrx_word'/>
</head>
<body>
  <div class='ocr_page' id='page_1' title='image "./gratiifalisciet00stergoog_0180.png"; bbox 0 0 2686 4928; ppageno 0'>
   <div class='ocr_carea' id='block_1_1' title="bbox 499 345 914 427">
    <p class='ocr_par' dir='ltr' id='par_1_1' title="bbox 499 345 914 427">
     <span class='ocr_line' id='line_1_1' title="bbox 499 345 914 427; baseline -0.005 0"><span class='ocrx_word' id='word_1_1' title='bbox 499 392 583 413; x_wconf 87' lang='lat'><strong>--</strong></span> <span class='ocrx_word' id='word_1_2' title='bbox 634 345 707 427; x_wconf 83' lang='lat'><strong>141</strong></span> <span class='ocrx_word' id='word_1_3' title='bbox 756 385 842 405; x_wconf 88' lang='lat'><strong>--·</strong></span> <span class='ocrx_word' id='word_1_4' title='bbox 904 347 914 361; x_wconf 77' lang='grc'>”</span> 
     </span>
    </p>
   </div>
   <div class='ocr_carea' id='block_1_2' title="bbox 112 543 1304 2721">
    <p class='ocr_par' dir='ltr' id='par_1_2' title="bbox 140 543 1197 864">
     <span class='ocr_line' id='line_1_2' title="bbox 246 543 1197 642; baseline -0.018 -14"><span class='ocrx_word' id='word_1_5' title='bbox 246 589 279 629; x_wconf 85' lang='lat' dir='ltr'><strong>v.</strong></span> <span class='ocrx_word' id='word_1_6' title='bbox 292 558 371 628; x_wconf 80' lang='lat'><strong>404.</strong></span> <span class='ocrx_word' id='word_1_7' title='bbox 403 559 507 623; x_wconf 77' lang='lat' dir='ltr'><strong>Vnum</strong></span> <span class='ocrx_word' id='word_1_8' title='bbox 528 559 663 642; x_wconf 79' lang='lat' dir='ltr'><strong>lapidem</strong></span> <span class='ocrx_word' id='word_1_9' title='bbox 676 551 879 639; x_wconf 80' lang='lat' dir='ltr'><strong>&#39;appellatum</strong></span> <span class='ocrx_word' id='word_1_10' title='bbox 899 564 966 614; x_wconf 80' lang='lat' dir='ltr'><strong>esse</strong></span> <span class='ocrx_word' id='word_1_11' title='bbox 982 549 1113 637; x_wconf 72' lang='grc' dir='ltr'><strong><em>πυρίτην</em></strong></span> <span class='ocrx_word' id='word_1_12' title='bbox 1126 543 1197 613; x_wconf 88' lang='lat' dir='ltr'><strong>Pli-</strong></span> 
     </span>
     <span class='ocr_line' id='line_1_3' title="bbox 140 649 1197 745; baseline -0.018 -9"><span class='ocrx_word' id='word_1_13' title='bbox 140 674 213 737; x_wconf 83' lang='lat' dir='ltr'><strong>nius</strong></span> <span class='ocrx_word' id='word_1_14' title='bbox 228 681 262 733; x_wconf 90' lang='lat' dir='ltr'><strong>et</strong></span> <span class='ocrx_word' id='word_1_15' title='bbox 276 664 418 731; x_wconf 76' lang='lat' dir='ltr'>Isidorus</span> <span class='ocrx_word' id='word_1_16' title='bbox 431 661 586 745; x_wconf 84' lang='lat' dir='ltr'><strong>tradunt]</strong></span> <span class='ocrx_word' id='word_1_17' title='bbox 603 657 791 724; x_wconf 84' lang='lat' dir='ltr'><strong>Werusd.</strong></span> <span class='ocrx_word' id='word_1_18' title='bbox 834 651 1060 719; x_wconf 81' lang='lat' dir='ltr'><strong>Effodiebatur</strong></span> <span class='ocrx_word' id='word_1_19' title='bbox 1076 655 1112 717; x_wconf 91' lang='lat' dir='ltr'><strong>in</strong></span> <span class='ocrx_word' id='word_1_20' title='bbox 1128 649 1197 740; x_wconf 81' lang='lat' dir='ltr'><strong>cy-</strong></span> 
     </span>
     <span class='ocr_line' id='line_1_4' title="bbox 141 757 1196 864; baseline -0.033 -23"><span class='ocrx_word' id='word_1_21' title='bbox 141 797 199 864; x_wconf 86' lang='lat' dir='ltr'><strong>pro</strong></span> <span class='ocrx_word' id='word_1_22' title='bbox 218 768 332 838; x_wconf 87' lang='lat' dir='ltr'><strong>insula</strong></span> <span class='ocrx_word' id='word_1_23' title='bbox 342 778 377 833; x_wconf 80' lang='lat' dir='ltr'><strong>at</strong></span> <span class='ocrx_word' id='word_1_24' title='bbox 387 765 579 831; x_wconf 83' lang='lat' dir='ltr'><strong>Acarnania.</strong></span> <span class='ocrx_word' id='word_1_25' title='bbox 622 764 775 829; x_wconf 77' lang='lat' dir='ltr'><strong>illelitasia</strong></span> <span class='ocrx_word' id='word_1_26' title='bbox 796 785 826 823; x_wconf 87' lang='lat' dir='ltr'><strong>n.</strong></span> <span class='ocrx_word' id='word_1_27' title='bbox 849 757 978 826; x_wconf 79' lang='lat' dir='ltr'><strong>curalio.</strong></span> <span class='ocrx_word' id='word_1_28' title='bbox 1017 764 1129 830; x_wconf 62' lang='lat' dir='ltr'><strong>Melite</strong></span> <span class='ocrx_word' id='word_1_29' title='bbox 1142 761 1196 824; x_wconf 71' lang='lat' dir='ltr'><strong>in.</strong></span> 
     </span>
    </p>

    <p class='ocr_par' dir='ltr' id='par_1_3' title="bbox 112 865 1304 2721">
     <span class='ocr_line' id='line_1_5' title="bbox 112 865 1201 955; baseline -0.016 -7"><span class='ocrx_word' id='word_1_30' title='bbox 112 940 116 949; x_wconf 91' lang='lat'>.</span> <span class='ocrx_word' id='word_1_31' title='bbox 142 880 209 947; x_wconf 79' lang='lat' dir='ltr'><strong>sula</strong></span> <span class='ocrx_word' id='word_1_32' title='bbox 234 877 325 939; x_wconf 86' lang='lat' dir='ltr'><strong>iuter</strong></span> <span class='ocrx_word' id='word_1_33' title='bbox 342 868 489 934; x_wconf 79' lang='lat' dir='ltr'><strong>Africam</strong></span> <span class='ocrx_word' id='word_1_34' title='bbox 510 883 541 934; x_wconf 86' lang='lat' dir='ltr'><strong>et</strong></span> <span class='ocrx_word' id='word_1_35' title='bbox 554 866 709 934; x_wconf 82' lang='lat' dir='ltr'><strong>Siciliam.</strong></span> <span class='ocrx_word' id='word_1_36' title='bbox 753 865 859 929; x_wconf 86' lang='lat' dir='ltr'><strong>Hodie</strong></span> <span class='ocrx_word' id='word_1_37' title='bbox 880 867 995 941; x_wconf 75' lang='lat' dir='ltr'><strong>Malta:</strong></span> <span class='ocrx_word' id='word_1_38' title='bbox 1038 879 1201 955; x_wconf 78' lang='grc' dir='ltr'><strong><em>προκεῖται</em></strong></span> 
     </span>
     <span class='ocr_line' id='line_1_6' title="bbox 146 971 1198 1060; baseline -0.017 -9"><span class='ocrx_word' id='word_1_39' title='bbox 146 988 178 1052; x_wconf 79' lang='lat' dir='ltr'><strong>di</strong></span> <span class='ocrx_word' id='word_1_40' title='bbox 195 986 258 1049; x_wconf 75' lang='grc' dir='ltr'><strong>τοῦ</strong></span> <span class='ocrx_word' id='word_1_41' title='bbox 274 977 425 1060; x_wconf 69' lang='grc' dir='ltr'><strong><em>Παχύνου</em></strong></span> <span class='ocrx_word' id='word_1_42' title='bbox 446 972 572 1037; x_wconf 85' lang='lat' dir='ltr'><strong>Strabo.</strong></span> <span class='ocrx_word' id='word_1_43' title='bbox 595 971 664 1059; x_wconf 83' lang='lat' dir='ltr'><strong>lege</strong></span> <span class='ocrx_word' id='word_1_44' title='bbox 684 973 787 1056; x_wconf 91' lang='lat' dir='ltr'><strong>potius</strong></span> <span class='ocrx_word' id='word_1_45' title='bbox 805 993 879 1036; x_wconf 91' lang='lat' dir='ltr'><strong>cum</strong></span> <span class='ocrx_word' id='word_1_46' title='bbox 895 973 999 1040; x_wconf 91' lang='lat' dir='ltr'><strong>Ulitio</strong></span> <span class='ocrx_word' id='word_1_47' title='bbox 1014 977 1198 1044; x_wconf 71' lang='lat' dir='ltr'><strong>Melitensis,</strong></span> 
     </span>
     <span class='ocr_line' id='line_1_7' title="bbox 146 1073 1199 1161; baseline -0.015 -9"><span class='ocrx_word' id='word_1_48' title='bbox 146 1106 219 1151; x_wconf 83' lang='lat' dir='ltr'><strong>nam</strong></span> <span class='ocrx_word' id='word_1_49' title='bbox 244 1085 292 1148; x_wconf 85' lang='lat' dir='ltr'><strong>sic</strong></span> <span class='ocrx_word' id='word_1_50' title='bbox 314 1076 485 1142; x_wconf 86' lang='lat' dir='ltr'><strong>Lucretius</strong></span> <span class='ocrx_word' id='word_1_51' title='bbox 506 1076 581 1157; x_wconf 61' lang='lat' dir='ltr'><strong>tv„</strong></span> <span class='ocrx_word' id='word_1_52' title='bbox 606 1075 714 1161; x_wconf 71' lang='lat' dir='ltr'><strong>ttae]</strong></span> <span class='ocrx_word' id='word_1_53' title='bbox 740 1073 876 1140; x_wconf 86' lang='lat' dir='ltr'><strong>lohus.</strong></span> <span class='ocrx_word' id='word_1_54' title='bbox 920 1076 1052 1145; x_wconf 87' lang='lat' dir='ltr'><strong>Coralia</strong></span> <span class='ocrx_word' id='word_1_55' title='bbox 1077 1077 1199 1142; x_wconf 82' lang='lat' dir='ltr'><strong>Plinius</strong></span> 
     </span>
     <span class='ocr_line' id='line_1_8' title="bbox 145 1171 1198 1263; baseline -0.013 -8"><span class='ocrx_word' id='word_1_56' title='bbox 145 1188 254 1256; x_wconf 87' lang='lat' dir='ltr'><strong>scribit</strong></span> <span class='ocrx_word' id='word_1_57' title='bbox 271 1183 317 1263; x_wconf 81' lang='lat' dir='ltr'><strong>N.</strong></span> <span class='ocrx_word' id='word_1_58' title='bbox 337 1182 379 1248; x_wconf 84' lang='grc' dir='ltr'><strong>Η.</strong></span> <span class='ocrx_word' id='word_1_59' title='bbox 401 1179 540 1246; x_wconf 84' lang='lat' dir='ltr'>XXXII.</span> <span class='ocrx_word' id='word_1_60' title='bbox 567 1205 592 1247; x_wconf 80' lang='lat' dir='ltr'><strong>c</strong></span> <span class='ocrx_word' id='word_1_61' title='bbox 613 1184 644 1251; x_wconf 81' lang='lat'><strong>2.</strong></span> <span class='ocrx_word' id='word_1_62' title='bbox 679 1180 764 1263; x_wconf 87' lang='lat' dir='ltr'><strong>gigni</strong></span> <span class='ocrx_word' id='word_1_63' title='bbox 787 1171 872 1263; x_wconf 84' lang='lat' dir='ltr'><strong>apud</strong></span> <span class='ocrx_word' id='word_1_64' title='bbox 895 1183 1009 1263; x_wconf 88' lang='lat' dir='ltr'><strong>ludos,</strong></span> <span class='ocrx_word' id='word_1_65' title='bbox 1045 1182 1083 1244; x_wconf 94' lang='lat' dir='ltr'><strong>iu·</strong></span> <span class='ocrx_word' id='word_1_66' title='bbox 1099 1177 1198 1242; x_wconf 88' lang='lat' dir='ltr'><strong>rubro</strong></span> 
     </span>
     <span class='ocr_line' id='line_1_9' title="bbox 145 1277 1199 1374; baseline -0.014 -16"><span class='ocrx_word' id='word_1_67' title='bbox 145 1292 335 1374; x_wconf 86' lang='lat' dir='ltr'><strong>Persicoque</strong></span> <span class='ocrx_word' id='word_1_68' title='bbox 350 1286 446 1350; x_wconf 82' lang='lat' dir='ltr'><strong>mari.</strong></span> <span class='ocrx_word' id='word_1_69' title='bbox 487 1282 763 1350; x_wconf 86' lang='lat' dir='ltr'><strong>Laudatissiuium</strong></span> <span class='ocrx_word' id='word_1_70' title='bbox 777 1281 876 1350; x_wconf 86' lang='lat' dir='ltr'><strong>fuisse</strong></span> <span class='ocrx_word' id='word_1_71' title='bbox 892 1287 1049 1352; x_wconf 85' lang='lat' dir='ltr'><strong>curalium</strong></span> <span class='ocrx_word' id='word_1_72' title='bbox 1063 1287 1098 1349; x_wconf 93' lang='lat' dir='ltr'><strong>in</strong></span> <span class='ocrx_word' id='word_1_73' title='bbox 1112 1277 1199 1347; x_wconf 85' lang='lat' dir='ltr'><strong>Gal-</strong></span> 
     </span>
     <span class='ocr_line' id='line_1_10' title="bbox 151 1387 1198 1463; baseline -0.011 -3"><span class='ocrx_word' id='word_1_74' title='bbox 151 1397 213 1463; x_wconf 92' lang='lat' dir='ltr'><strong>lico</strong></span> <span class='ocrx_word' id='word_1_75' title='bbox 223 1395 293 1459; x_wconf 88' lang='lat' dir='ltr'><strong>sinn</strong></span> <span class='ocrx_word' id='word_1_76' title='bbox 305 1392 392 1455; x_wconf 89' lang='lat' dir='ltr'><strong>circa</strong></span> <span class='ocrx_word' id='word_1_77' title='bbox 408 1387 602 1455; x_wconf 84' lang='lat' dir='ltr'><strong>Stoechadas</strong></span> <span class='ocrx_word' id='word_1_78' title='bbox 619 1388 738 1454; x_wconf 87' lang='lat' dir='ltr'><strong>insulas</strong></span> <span class='ocrx_word' id='word_1_79' title='bbox 751 1402 782 1452; x_wconf 88' lang='lat' dir='ltr'><strong>et</strong></span> <span class='ocrx_word' id='word_1_80' title='bbox 795 1389 830 1451; x_wconf 92' lang='lat' dir='ltr'><strong>in</strong></span> <span class='ocrx_word' id='word_1_81' title='bbox 844 1389 954 1456; x_wconf 88' lang='lat' dir='ltr'><strong>Siculo</strong></span> <span class='ocrx_word' id='word_1_82' title='bbox 971 1393 1054 1456; x_wconf 86' lang='lat' dir='ltr'><strong>circa</strong></span> <span class='ocrx_word' id='word_1_83' title='bbox 1068 1387 1198 1453; x_wconf 85' lang='lat' dir='ltr'>Heliam</span> 
     </span>
     <span class='ocr_line' id='line_1_11' title="bbox 153 1492 1248 1581; baseline -0.001 -25"><span class='ocrx_word' id='word_1_84' title='bbox 153 1499 194 1564; x_wconf 78' lang='lat' dir='ltr'><strong>ad</strong></span> <span class='ocrx_word' id='word_1_85' title='bbox 217 1497 416 1581; x_wconf 67' lang='lat' dir='ltr'><strong>Drepanum.</strong></span> <span class='ocrx_word' id='word_1_86' title='bbox 460 1492 616 1558; x_wconf 84' lang='lat' dir='ltr'><strong>Formam</strong></span> <span class='ocrx_word' id='word_1_87' title='bbox 639 1513 706 1558; x_wconf 91' lang='lat' dir='ltr'><strong>esse</strong></span> <span class='ocrx_word' id='word_1_88' title='bbox 729 1494 760 1557; x_wconf 92' lang='lat' dir='ltr'><strong>ei</strong></span> <span class='ocrx_word' id='word_1_89' title='bbox 784 1492 928 1574; x_wconf 73' lang='lat' dir='ltr'><strong>fruticis‚&#39;</strong></span> <span class='ocrx_word' id='word_1_90' title='bbox 953 1495 1093 1561; x_wconf 90' lang='lat' dir='ltr'><strong>colorem</strong></span> <span class='ocrx_word' id='word_1_91' title='bbox 1118 1493 1197 1557; x_wconf 86' lang='lat' dir='ltr'><strong>viri-</strong></span> <span class='ocrx_word' id='word_1_92' title='bbox 1245 1514 1248 1519; x_wconf 58' lang='lat'><strong>⁴</strong></span> 
     </span>
     <span class='ocr_line' id='line_1_12' title="bbox 151 1587 1199 1685; baseline -0.006 -18"><span class='ocrx_word' id='word_1_93' title='bbox 151 1604 233 1669; x_wconf 85' lang='lat' dir='ltr'><strong>dem.</strong></span> <span class='ocrx_word' id='word_1_94' title='bbox 272 1587 445 1685; x_wconf 81' lang='lat' dir='ltr'><strong>Atuspices</strong></span> <span class='ocrx_word' id='word_1_95' title='bbox 471 1595 625 1663; x_wconf 86' lang='lat' dir='ltr'>Indorum</span> <span class='ocrx_word' id='word_1_96' title='bbox 645 1612 792 1680; x_wconf 88' lang='lat' dir='ltr'><strong>vatesque</strong></span> <span class='ocrx_word' id='word_1_97' title='bbox 818 1599 978 1683; x_wconf 88' lang='lat' dir='ltr'><strong>imprimis</strong></span> <span class='ocrx_word' id='word_1_98' title='bbox 1001 1599 1199 1680; x_wconf 81' lang='lat' dir='ltr'><strong>relligiosum</strong></span> 
     </span>
     <span class='ocr_line' id='line_1_13' title="bbox 144 1686 1199 1788; baseline -0.001 -22"><span class='ocrx_word' id='word_1_99' title='bbox 144 1706 177 1771; x_wconf 86' lang='lat' dir='ltr'><strong>id</strong></span> <span class='ocrx_word' id='word_1_100' title='bbox 199 1686 366 1788; x_wconf 76' lang='lat' dir='ltr'><strong>gestamen</strong></span> <span class='ocrx_word' id='word_1_101' title='bbox 384 1698 575 1764; x_wconf 85' lang='lat' dir='ltr'><strong>amoliendis</strong></span> <span class='ocrx_word' id='word_1_102' title='bbox 593 1699 739 1783; x_wconf 89' lang='lat' dir='ltr'><strong>periculis</strong></span> <span class='ocrx_word' id='word_1_103' title='bbox 762 1699 937 1764; x_wconf 83' lang='lat' dir='ltr'><strong>arbitratos.</strong></span> <span class='ocrx_word' id='word_1_104' title='bbox 979 1702 1099 1779; x_wconf 80' lang='lat' dir='ltr'><strong>Baccas</strong></span> <span class='ocrx_word' id='word_1_105' title='bbox 1119 1703 1199 1781; x_wconf 82' lang='lat' dir='ltr'><strong>eius,</strong></span> 
     </span>
     <span class='ocr_line' id='line_1_14' title="bbox 142 1800 1304 1886; baseline -0.004 -13"><span class='ocrx_word' id='word_1_106' title='bbox 142 1805 303 1873; x_wconf 79' lang='lat' dir='ltr'><strong>candidas</strong></span> <span class='ocrx_word' id='word_1_107' title='bbox 319 1803 377 1868; x_wconf 88' lang='lat' dir='ltr'><strong>sub</strong></span> <span class='ocrx_word' id='word_1_108' title='bbox 402 1825 485 1886; x_wconf 83' lang='lat' dir='ltr'><strong>aqua</strong></span> <span class='ocrx_word' id='word_1_109' title='bbox 506 1816 537 1867; x_wconf 90' lang='lat' dir='ltr'><strong>et</strong></span> <span class='ocrx_word' id='word_1_110' title='bbox 558 1800 685 1879; x_wconf 88' lang='lat' dir='ltr'><strong>molles,</strong></span> <span class='ocrx_word' id='word_1_111' title='bbox 715 1817 877 1886; x_wconf 87' lang='lat' dir='ltr'><strong>exemptas</strong></span> <span class='ocrx_word' id='word_1_112' title='bbox 898 1801 1065 1865; x_wconf 83' lang='lat' dir='ltr'><strong>confestim</strong></span> <span class='ocrx_word' id='word_1_113' title='bbox 1089 1803 1199 1867; x_wconf 89' lang='lat' dir='ltr'><strong>durari</strong></span> <span class='ocrx_word' id='word_1_114' title='bbox 1302 1864 1304 1868; x_wconf 81' lang='grc'>,</span> 
     </span>
     <span class='ocr_line' id='line_1_15' title="bbox 147 1902 1199 1987; baseline -0.01 -8"><span class='ocrx_word' id='word_1_115' title='bbox 147 1927 184 1979; x_wconf 83' lang='lat' dir='ltr'><strong>et</strong></span> <span class='ocrx_word' id='word_1_116' title='bbox 213 1906 389 1975; x_wconf 77' lang='lat' dir='ltr'><strong>rubescere.</strong></span> <span class='ocrx_word' id='word_1_117' title='bbox 439 1907 531 1972; x_wconf 86' lang='lat' dir='ltr'><strong>Idem</strong></span> <span class='ocrx_word' id='word_1_118' title='bbox 569 1904 645 1967; x_wconf 84' lang='lat' dir='ltr'><strong>dicit</strong></span> <span class='ocrx_word' id='word_1_119' title='bbox 670 1902 808 1968; x_wconf 86' lang='lat' dir='ltr'><strong>Ovidius</strong></span> <span class='ocrx_word' id='word_1_120' title='bbox 834 1903 967 1970; x_wconf 83' lang='lat' dir='ltr'><strong>Metam.</strong></span> <span class='ocrx_word' id='word_1_121' title='bbox 996 1906 1089 1987; x_wconf 89' lang='lat' dir='ltr'>XV.‚</span> <span class='ocrx_word' id='word_1_122' title='bbox 1124 1905 1199 1971; x_wconf 85' lang='lat'><strong>416.</strong></span> 
     </span>
     <span class='ocr_line' id='line_1_16' title="bbox 147 2007 1201 2100; baseline -0.007 -18"><span class='ocrx_word' id='word_1_123' title='bbox 147 2017 266 2100; x_wconf 90' lang='lat' dir='ltr'><strong>ltaque</strong></span> <span class='ocrx_word' id='word_1_124' title='bbox 285 2011 433 2097; x_wconf 88' lang='lat' dir='ltr'><strong>occupari</strong></span> <span class='ocrx_word' id='word_1_125' title='bbox 451 2010 522 2090; x_wconf 89' lang='lat' dir='ltr'><strong>illa,</strong></span> <span class='ocrx_word' id='word_1_126' title='bbox 554 2007 675 2087; x_wconf 87' lang='lat' dir='ltr'><strong>Plinius</strong></span> <span class='ocrx_word' id='word_1_127' title='bbox 696 2008 814 2094; x_wconf 84' lang='lat' dir='ltr'><strong>inquit,</strong></span> <span class='ocrx_word' id='word_1_128' title='bbox 839 2009 993 2094; x_wconf 80' lang='lat' dir='ltr'><strong>evellique</strong></span> <span class='ocrx_word' id='word_1_129' title='bbox 1011 2011 1129 2075; x_wconf 89' lang='lat' dir='ltr'><strong>retibus</strong></span> <span class='ocrx_word' id='word_1_130' title='bbox 1145 2025 1201 2075; x_wconf 89' lang='lat' dir='ltr'><strong>aut</strong></span> 
     </span>
     <span class='ocr_line' id='line_1_17' title="bbox 150 2110 1200 2199; baseline -0.006 -13"><span class='ocrx_word' id='word_1_131' title='bbox 150 2121 220 2186; x_wconf 85' lang='lat' dir='ltr'><strong>acri</strong></span> <span class='ocrx_word' id='word_1_132' title='bbox 241 2117 430 2182; x_wconf 80' lang='lat' dir='ltr'><strong>ferramento</strong></span> <span class='ocrx_word' id='word_1_133' title='bbox 455 2110 605 2199; x_wconf 78' lang='lat' dir='ltr'><strong>pra‘ecidi.</strong></span> <span class='ocrx_word' id='word_1_134' title='bbox 649 2112 719 2178; x_wconf 88' lang='lat' dir='ltr'><strong>Hac</strong></span> <span class='ocrx_word' id='word_1_135' title='bbox 740 2115 781 2180; x_wconf 91' lang='lat' dir='ltr'><strong>de</strong></span> <span class='ocrx_word' id='word_1_136' title='bbox 802 2137 910 2181; x_wconf 88' lang='lat' dir='ltr'><strong>caussa</strong></span> <span class='ocrx_word' id='word_1_137' title='bbox 933 2116 1089 2180; x_wconf 91' lang='lat' dir='ltr'><strong>curalium</strong></span> <span class='ocrx_word' id='word_1_138' title='bbox 1109 2117 1200 2181; x_wconf 87' lang='lat' dir='ltr'><strong>voci-</strong></span> 
     </span>
     <span class='ocr_line' id='line_1_18' title="bbox 115 2203 1201 2301; baseline -0.006 -11"><span class='ocrx_word' id='word_1_139' title='bbox 115 2276 122 2298; x_wconf 45' lang='lat' dir='ltr'><strong>s</strong></span> <span class='ocrx_word' id='word_1_140' title='bbox 146 2240 271 2300; x_wconf 84' lang='lat' dir='ltr'><strong>tatum,</strong></span> <span class='ocrx_word' id='word_1_141' title='bbox 301 2203 351 2289; x_wconf 74' lang='lat' dir='ltr'><strong>dra</strong></span> <span class='ocrx_word' id='word_1_142' title='bbox 372 2220 406 2284; x_wconf 78' lang='lat' dir='ltr'><strong>iv</strong></span> <span class='ocrx_word' id='word_1_143' title='bbox 426 2210 480 2283; x_wconf 69' lang='grc' dir='ltr'><strong>ἁλὶ</strong></span> <span class='ocrx_word' id='word_1_144' title='bbox 495 2227 645 2301; x_wconf 55' lang='lat' dir='ltr'><strong>avaritae„</strong></span> <span class='ocrx_word' id='word_1_145' title='bbox 685 2221 774 2282; x_wconf 90' lang='lat' dir='ltr'><strong>Bene</strong></span> <span class='ocrx_word' id='word_1_146' title='bbox 794 2218 890 2301; x_wconf 90' lang='lat' dir='ltr'><strong>igitur</strong></span> <span class='ocrx_word' id='word_1_147' title='bbox 907 2221 951 2281; x_wconf 87' lang='lat' dir='ltr'><strong>ita</strong></span> <span class='ocrx_word' id='word_1_148' title='bbox 968 2241 1088 2283; x_wconf 91' lang='lat' dir='ltr'><strong>nomen</strong></span> <span class='ocrx_word' id='word_1_149' title='bbox 1107 2222 1201 2286; x_wconf 88' lang='lat' dir='ltr'><strong>resti-</strong></span> 
     </span>
     <span class='ocr_line' id='line_1_19' title="bbox 145 2306 1200 2400; baseline -0.006 -7"><span class='ocrx_word' id='word_1_150' title='bbox 145 2343 256 2394; x_wconf 84' lang='lat' dir='ltr'><strong>tutum</strong></span> <span class='ocrx_word' id='word_1_151' title='bbox 278 2321 320 2385; x_wconf 87' lang='lat' dir='ltr'><strong>ab</strong></span> <span class='ocrx_word' id='word_1_152' title='bbox 344 2321 475 2385; x_wconf 89' lang='lat' dir='ltr'><strong>Heinsio</strong></span> <span class='ocrx_word' id='word_1_153' title='bbox 499 2320 540 2383; x_wconf 90' lang='lat' dir='ltr'><strong>ad</strong></span> <span class='ocrx_word' id='word_1_154' title='bbox 556 2306 744 2386; x_wconf 48' lang='lat' dir='ltr'><strong>OvidsMet.</strong></span> <span class='ocrx_word' id='word_1_155' title='bbox 761 2322 836 2400; x_wconf 63' lang='lat' dir='ltr'><strong>lv„</strong></span> <span class='ocrx_word' id='word_1_156' title='bbox 857 2323 930 2387; x_wconf 82' lang='lat'>750.</span> <span class='ocrx_word' id='word_1_157' title='bbox 974 2319 1068 2384; x_wconf 84' lang='lat' dir='ltr'><strong>Libri</strong></span> <span class='ocrx_word' id='word_1_158' title='bbox 1089 2346 1200 2387; x_wconf 88' lang='lat' dir='ltr'><strong>omues</strong></span> 
     </span>
     <span class='ocr_line' id='line_1_20' title="bbox 152 2422 1200 2513; baseline -0.005 -20"><span class='ocrx_word' id='word_1_159' title='bbox 152 2429 270 2513; x_wconf 83' lang='lat' dir='ltr'><strong>antiqui</strong></span> <span class='ocrx_word' id='word_1_160' title='bbox 278 2427 410 2490; x_wconf 75' lang='lat' dir='ltr'><strong>annalia.</strong></span> <span class='ocrx_word' id='word_1_161' title='bbox 454 2423 561 2486; x_wconf 92' lang='lat' dir='ltr'><strong>Hodio</strong></span> <span class='ocrx_word' id='word_1_162' title='bbox 570 2422 688 2487; x_wconf 81' lang='lat' dir='ltr'><strong>curulia</strong></span> <span class='ocrx_word' id='word_1_163' title='bbox 701 2425 903 2506; x_wconf 83' lang='lat' dir='ltr'><strong>animalculis</strong></span> <span class='ocrx_word' id='word_1_164' title='bbox 913 2426 1069 2508; x_wconf 81' lang='lat' dir='ltr'><strong>originem</strong></span> <span class='ocrx_word' id='word_1_165' title='bbox 1085 2424 1200 2488; x_wconf 86' lang='lat' dir='ltr'><strong>debere</strong></span> 
     </span>
     <span class='ocr_line' id='line_1_21' title="bbox 156 2524 1200 2608; baseline -0.004 -11"><span class='ocrx_word' id='word_1_166' title='bbox 156 2530 339 2608; x_wconf 86' lang='lat' dir='ltr'><strong>creduntur,</strong></span> <span class='ocrx_word' id='word_1_167' title='bbox 360 2526 468 2589; x_wconf 84' lang='lat' dir='ltr'><strong>scribit</strong></span> <span class='ocrx_word' id='word_1_168' title='bbox 484 2524 643 2608; x_wconf 89' lang='lat' dir='ltr'><strong>Gierigius</strong></span> <span class='ocrx_word' id='word_1_169' title='bbox 657 2527 698 2592; x_wconf 90' lang='lat' dir='ltr'><strong>ad</strong></span> <span class='ocrx_word' id='word_1_170' title='bbox 714 2527 810 2595; x_wconf 78' lang='lat' dir='ltr'><strong>Oria,</strong></span> <span class='ocrx_word' id='word_1_171' title='bbox 825 2529 844 2594; x_wconf 94' lang='grc'>1.</span> <span class='ocrx_word' id='word_1_172' title='bbox 860 2530 880 2595; x_wconf 88' lang='grc'>1.</span> <span class='ocrx_word' id='word_1_173' title='bbox 902 2544 931 2594; x_wconf 89' lang='lat' dir='ltr'><strong>et</strong></span> <span class='ocrx_word' id='word_1_174' title='bbox 946 2528 1066 2594; x_wconf 84' lang='lat' dir='ltr'><strong>confert</strong></span> <span class='ocrx_word' id='word_1_175' title='bbox 1078 2527 1200 2593; x_wconf 81' lang='lat' dir='ltr'><strong>Malle-</strong></span> 
     </span>
     <span class='ocr_line' id='line_1_22' title="bbox 154 2629 903 2721; baseline -0.007 -22"><span class='ocrx_word' id='word_1_176' title='bbox 154 2655 223 2699; x_wconf 84' lang='lat' dir='ltr'><strong>rttm</strong></span> <span class='ocrx_word' id='word_1_177' title='bbox 233 2633 275 2697; x_wconf 84' lang='lat' dir='ltr'><strong>ad</strong></span> <span class='ocrx_word' id='word_1_178' title='bbox 284 2629 383 2696; x_wconf 88' lang='lat' dir='ltr'><strong>Liun.</strong></span> <span class='ocrx_word' id='word_1_179' title='bbox 397 2629 477 2716; x_wconf 85' lang='lat' dir='ltr'><strong>Syst.</strong></span> <span class='ocrx_word' id='word_1_180' title='bbox 492 2629 564 2697; x_wconf 85' lang='lat' dir='ltr'><strong>Nat.</strong></span> <span class='ocrx_word' id='word_1_181' title='bbox 578 2629 616 2721; x_wconf 73' lang='grc' dir='ltr'><strong>Τ.</strong></span> <span class='ocrx_word' id='word_1_182' title='bbox 631 2629 686 2694; x_wconf 88' lang='lat' dir='ltr'><strong>VI.</strong></span> <span class='ocrx_word' id='word_1_183' title='bbox 702 2657 732 2717; x_wconf 89' lang='lat' dir='ltr'><strong>p.</strong></span> <span class='ocrx_word' id='word_1_184' title='bbox 746 2635 820 2700; x_wconf 81' lang='grc'>643.</span> <span class='ocrx_word' id='word_1_185' title='bbox 835 2657 903 2719; x_wconf 86' lang='lat' dir='ltr'><strong>sqq.</strong></span> 
     </span>
    </p>
   </div>
   <div class='ocr_carea' id='block_1_3' title="bbox 147 2733 1300 4179">
    <p class='ocr_par' dir='ltr' id='par_1_4' title="bbox 147 2733 1300 4179">
     <span class='ocr_line' id='line_1_23' title="bbox 252 2733 1199 2836; baseline 0 -20"><span class='ocrx_word' id='word_1_186' title='bbox 252 2774 285 2817; x_wconf 81' lang='lat' dir='ltr'><strong>v.</strong></span> <span class='ocrx_word' id='word_1_187' title='bbox 298 2748 372 2817; x_wconf 66' lang='lat'><strong>4052</strong></span> <span class='ocrx_word' id='word_1_188' title='bbox 395 2755 518 2815; x_wconf 85' lang='lat' dir='ltr'><strong>adiutas</strong></span> <span class='ocrx_word' id='word_1_189' title='bbox 536 2751 668 2826; x_wconf 75' lang='lat' dir='ltr'><strong>restituit</strong></span> <span class='ocrx_word' id='word_1_190' title='bbox 688 2751 808 2816; x_wconf 90' lang='lat' dir='ltr'><strong>Ulitius</strong></span> <span class='ocrx_word' id='word_1_191' title='bbox 826 2772 864 2816; x_wconf 90' lang='lat' dir='ltr'><strong>ex</strong></span> <span class='ocrx_word' id='word_1_192' title='bbox 885 2733 1027 2836; x_wconf 79' lang='lat' dir='ltr'><strong>principe</strong></span> <span class='ocrx_word' id='word_1_193' title='bbox 1048 2752 1199 2817; x_wconf 80' lang='lat' dir='ltr'><strong>editione.</strong></span> 
     </span>
     <span class='ocr_line' id='line_1_24' title="bbox 147 2840 1279 2944; baseline -0.007 -19"><span class='ocrx_word' id='word_1_194' title='bbox 147 2840 326 2944; x_wconf 81' lang='lat' dir='ltr'><strong>Perperani</strong></span> <span class='ocrx_word' id='word_1_195' title='bbox 346 2854 499 2920; x_wconf 88' lang='lat' dir='ltr'><strong>Pithoeus</strong></span> <span class='ocrx_word' id='word_1_196' title='bbox 512 2857 657 2927; x_wconf 68' lang='lat' dir='ltr'><strong>adiutans</strong></span> <span class='ocrx_word' id='word_1_197' title='bbox 677 2867 708 2916; x_wconf 91' lang='lat' dir='ltr'><strong>et</strong></span> <span class='ocrx_word' id='word_1_198' title='bbox 726 2850 817 2939; x_wconf 85' lang='lat' dir='ltr'><strong>Casp.</strong></span> <span class='ocrx_word' id='word_1_199' title='bbox 834 2852 945 2917; x_wconf 88' lang='lat' dir='ltr'><strong>Barth.</strong></span> <span class='ocrx_word' id='word_1_200' title='bbox 960 2857 1108 2917; x_wconf 73' lang='lat' dir='ltr'><strong>adierant</strong></span> <span class='ocrx_word' id='word_1_201' title='bbox 1128 2857 1200 2918; x_wconf 87' lang='lat' dir='ltr'><strong>edi·</strong></span> <span class='ocrx_word' id='word_1_202' title='bbox 1270 2846 1279 2865; x_wconf 72' lang='lat'>&#39;</span> 
     </span>
     <span class='ocr_line' id='line_1_25' title="bbox 151 2955 1202 3041; baseline -0.003 -15"><span class='ocrx_word' id='word_1_203' title='bbox 151 2962 240 3026; x_wconf 86' lang='lat' dir='ltr'><strong>dere.</strong></span> <span class='ocrx_word' id='word_1_204' title='bbox 281 2961 473 3038; x_wconf 68' lang='lat' dir='ltr'><strong>Magnorum</strong></span> <span class='ocrx_word' id='word_1_205' title='bbox 488 2960 583 3041; x_wconf 87' lang='lat' dir='ltr'><strong>igitur</strong></span> <span class='ocrx_word' id='word_1_206' title='bbox 598 2971 739 3022; x_wconf 81' lang='lat' dir='ltr'><strong>cantuum</strong></span> <span class='ocrx_word' id='word_1_207' title='bbox 754 2961 821 3022; x_wconf 89' lang='lat' dir='ltr'><strong>vim</strong></span> <span class='ocrx_word' id='word_1_208' title='bbox 834 2972 943 3022; x_wconf 85' lang='lat' dir='ltr'><strong>contra</strong></span> <span class='ocrx_word' id='word_1_209' title='bbox 955 2956 1087 3020; x_wconf 84' lang='lat' dir='ltr'><strong>morbos</strong></span> <span class='ocrx_word' id='word_1_210' title='bbox 1102 2955 1202 3023; x_wconf 88' lang='lat' dir='ltr'><strong>disces</strong></span> 
     </span>
     <span class='ocr_line' id='line_1_26' title="bbox 154 3058 1242 3145; baseline -0.006 -18"><span class='ocrx_word' id='word_1_211' title='bbox 154 3062 459 3139; x_wconf 82' lang='lat' dir='ltr'><strong>ePliuioXXVlIl.,</strong></span> <span class='ocrx_word' id='word_1_212' title='bbox 473 3067 503 3126; x_wconf 79' lang='lat'><strong>2.</strong></span> <span class='ocrx_word' id='word_1_213' title='bbox 545 3059 612 3124; x_wconf 85' lang='lat' dir='ltr'><strong>Eas</strong></span> <span class='ocrx_word' id='word_1_214' title='bbox 626 3063 854 3127; x_wconf 86' lang='lat' dir='ltr'><strong>incantationes</strong></span> <span class='ocrx_word' id='word_1_215' title='bbox 867 3061 1102 3144; x_wconf 84' lang='lat' dir='ltr'><strong>antiquissimas</strong></span> <span class='ocrx_word' id='word_1_216' title='bbox 1115 3058 1202 3145; x_wconf 90' lang='lat' dir='ltr'><strong>apud</strong></span> <span class='ocrx_word' id='word_1_217' title='bbox 1238 3097 1242 3107; x_wconf 57' lang='grc' dir='ltr'><em>ι</em></span> 
     </span>
     <span class='ocr_line' id='line_1_27' title="bbox 148 3152 1202 3250; baseline -0.004 -17"><span class='ocrx_word' id='word_1_218' title='bbox 148 3165 317 3233; x_wconf 82' lang='lat' dir='ltr'><strong>Romanos</strong></span> <span class='ocrx_word' id='word_1_219' title='bbox 330 3165 433 3244; x_wconf 84' lang='lat' dir='ltr'><strong>fuisse,</strong></span> <span class='ocrx_word' id='word_1_220' title='bbox 449 3162 523 3228; x_wconf 86' lang='lat' dir='ltr'><strong>Xll.</strong></span> <span class='ocrx_word' id='word_1_221' title='bbox 543 3163 726 3230; x_wconf 84' lang='lat' dir='ltr'><strong>tabularum</strong></span> <span class='ocrx_word' id='word_1_222' title='bbox 742 3167 931 3232; x_wconf 84' lang='lat' dir='ltr'><strong>testimoniis</strong></span> <span class='ocrx_word' id='word_1_223' title='bbox 946 3165 1032 3250; x_wconf 84' lang='lat' dir='ltr'><strong>apud</strong></span> <span class='ocrx_word' id='word_1_224' title='bbox 1047 3163 1130 3230; x_wconf 53' lang='lat' dir='ltr'><strong>Ptin».</strong></span> <span class='ocrx_word' id='word_1_225' title='bbox 1142 3152 1163 3231; x_wconf 90' lang='grc'>1,</span> <span class='ocrx_word' id='word_1_226' title='bbox 1179 3161 1202 3230; x_wconf 91' lang='grc'>1.</span> 
     </span>
     <span class='ocr_line' id='line_1_28' title="bbox 151 3254 1236 3354; baseline -0.004 -17"><span class='ocrx_word' id='word_1_227' title='bbox 151 3254 319 3338; x_wconf 85' lang='lat' dir='ltr'><strong>evincitur.</strong></span> <span class='ocrx_word' id='word_1_228' title='bbox 360 3273 511 3332; x_wconf 80' lang='lat' dir='ltr'><strong>¹Carmina</strong></span> <span class='ocrx_word' id='word_1_229' title='bbox 535 3267 620 3332; x_wconf 84' lang='lat' dir='ltr'><strong>dicta</strong></span> <span class='ocrx_word' id='word_1_230' title='bbox 641 3283 713 3332; x_wconf 91' lang='lat' dir='ltr'><strong>sunt</strong></span> <span class='ocrx_word' id='word_1_231' title='bbox 734 3292 806 3334; x_wconf 93' lang='lat' dir='ltr'><strong>cum</strong></span> <span class='ocrx_word' id='word_1_232' title='bbox 826 3271 919 3350; x_wconf 89' lang='lat' dir='ltr'><strong>alibi,</strong></span> <span class='ocrx_word' id='word_1_233' title='bbox 942 3286 1010 3334; x_wconf 91' lang='lat' dir='ltr'><strong>tum</strong></span> <span class='ocrx_word' id='word_1_234' title='bbox 1026 3292 1046 3334; x_wconf 88' lang='lat' dir='ltr'><strong>a</strong></span> <span class='ocrx_word' id='word_1_235' title='bbox 1061 3269 1202 3354; x_wconf 84' lang='lat' dir='ltr'><strong>Virgilio</strong></span> <span class='ocrx_word' id='word_1_236' title='bbox 1233 3314 1236 3318; x_wconf 60' lang='lat'><em>›</em></span> 
     </span>
     <span class='ocr_line' id='line_1_29' title="bbox 149 3373 1202 3454; baseline -0.004 -15"><span class='ocrx_word' id='word_1_237' title='bbox 149 3374 220 3440; x_wconf 79' lang='lat' dir='ltr'><strong>Eel.</strong></span> <span class='ocrx_word' id='word_1_238' title='bbox 232 3374 345 3454; x_wconf 62' lang='lat' dir='ltr'><strong>VIII„</strong></span> <span class='ocrx_word' id='word_1_239' title='bbox 368 3373 419 3436; x_wconf 87' lang='lat'><strong>68.</strong></span> <span class='ocrx_word' id='word_1_240' title='bbox 442 3374 541 3432; x_wconf 78' lang='lat' dir='ltr'><strong>ducite</strong></span> <span class='ocrx_word' id='word_1_241' title='bbox 561 3373 600 3434; x_wconf 81' lang='lat' dir='ltr'><strong>ab</strong></span> <span class='ocrx_word' id='word_1_242' title='bbox 615 3375 687 3436; x_wconf 82' lang='lat' dir='ltr'><strong>urba</strong></span> <span class='ocrx_word' id='word_1_243' title='bbox 703 3378 840 3449; x_wconf 86' lang='lat' dir='ltr'><strong>domum,</strong></span> <span class='ocrx_word' id='word_1_244' title='bbox 866 3398 934 3437; x_wconf 83' lang='lat' dir='ltr'><strong>maa</strong></span> <span class='ocrx_word' id='word_1_245' title='bbox 953 3380 1109 3448; x_wconf 83' lang='lat' dir='ltr'><strong>carmina,</strong></span> <span class='ocrx_word' id='word_1_246' title='bbox 1139 3376 1202 3435; x_wconf 60' lang='lat' dir='ltr'><strong>dn*</strong></span> 
     </span>
     <span class='ocr_line' id='line_1_30' title="bbox 151 3476 1201 3565; baseline -0.004 -23"><span class='ocrx_word' id='word_1_247' title='bbox 151 3484 211 3565; x_wconf 81' lang='lat' dir='ltr'><strong>aits</strong></span> <span class='ocrx_word' id='word_1_248' title='bbox 226 3478 385 3558; x_wconf 80' lang='lat' dir='ltr'><strong>Daphnin.</strong></span> <span class='ocrx_word' id='word_1_249' title='bbox 432 3478 577 3538; x_wconf 83' lang='lat' dir='ltr'><strong>Carmina</strong></span> <span class='ocrx_word' id='word_1_250' title='bbox 592 3479 643 3540; x_wconf 86' lang='lat' dir='ltr'><strong>vel</strong></span> <span class='ocrx_word' id='word_1_251' title='bbox 659 3481 741 3540; x_wconf 81' lang='lat' dir='ltr'><strong>coelo</strong></span> <span class='ocrx_word' id='word_1_252' title='bbox 762 3493 819 3541; x_wconf 88' lang='lat' dir='ltr'><strong>etc.</strong></span> <span class='ocrx_word' id='word_1_253' title='bbox 864 3478 958 3560; x_wconf 84' lang='lat' dir='ltr'><strong>Quae</strong></span> <span class='ocrx_word' id='word_1_254' title='bbox 980 3479 1111 3562; x_wconf 90' lang='lat' dir='ltr'><strong>quidem</strong></span> <span class='ocrx_word' id='word_1_255' title='bbox 1132 3476 1201 3539; x_wconf 88' lang='lat' dir='ltr'><strong>sor-</strong></span> 
     </span>
     <span class='ocr_line' id='line_1_31' title="bbox 150 3578 1201 3664; baseline -0.001 -18"><span class='ocrx_word' id='word_1_256' title='bbox 150 3579 261 3645; x_wconf 88' lang='lat' dir='ltr'><strong>mulae</strong></span> <span class='ocrx_word' id='word_1_257' title='bbox 282 3578 425 3661; x_wconf 87' lang='lat' dir='ltr'><strong>magicae</strong></span> <span class='ocrx_word' id='word_1_258' title='bbox 447 3600 612 3644; x_wconf 90' lang='lat' dir='ltr'><strong>murmure</strong></span> <span class='ocrx_word' id='word_1_259' title='bbox 636 3580 877 3664; x_wconf 85' lang='lat' dir='ltr'><strong>proferebantur</strong></span> <span class='ocrx_word' id='word_1_260' title='bbox 899 3584 1024 3664; x_wconf 86' lang='lat' dir='ltr'><strong>magico</strong></span> <span class='ocrx_word' id='word_1_261' title='bbox 1051 3581 1201 3664; x_wconf 86' lang='lat' dir='ltr'><strong>quodam.</strong></span> 
     </span>
     <span class='ocr_line' id='line_1_32' title="bbox 150 3680 1201 3769; baseline 0 -22"><span class='ocrx_word' id='word_1_262' title='bbox 150 3681 295 3747; x_wconf 89' lang='lat' dir='ltr'><strong>Broukh.</strong></span> <span class='ocrx_word' id='word_1_263' title='bbox 320 3683 361 3747; x_wconf 85' lang='lat' dir='ltr'><strong>ad</strong></span> <span class='ocrx_word' id='word_1_264' title='bbox 382 3680 500 3746; x_wconf 83' lang='lat' dir='ltr'><strong>Tibull.</strong></span> <span class='ocrx_word' id='word_1_265' title='bbox 522 3682 575 3746; x_wconf 87' lang='lat' dir='ltr'><strong>lib.</strong></span> <span class='ocrx_word' id='word_1_266' title='bbox 593 3682 618 3745; x_wconf 90' lang='lat' dir='ltr'><strong>I.</strong></span> <span class='ocrx_word' id='word_1_267' title='bbox 638 3684 675 3747; x_wconf 91' lang='lat' dir='ltr'><strong>el.</strong></span> <span class='ocrx_word' id='word_1_268' title='bbox 691 3689 739 3767; x_wconf 78' lang='grc'><strong>2.,</strong></span> <span class='ocrx_word' id='word_1_269' title='bbox 761 3682 812 3754; x_wconf 83' lang='grc'><strong>47.</strong></span> <span class='ocrx_word' id='word_1_270' title='bbox 855 3685 961 3769; x_wconf 88' lang='lat' dir='ltr'><strong>Atque</strong></span> <span class='ocrx_word' id='word_1_271' title='bbox 986 3700 1087 3749; x_wconf 90' lang='lat' dir='ltr'><strong>artem</strong></span> <span class='ocrx_word' id='word_1_272' title='bbox 1108 3685 1201 3748; x_wconf 90' lang='lat' dir='ltr'><strong>illam</strong></span> 
     </span>
     <span class='ocr_line' id='line_1_33' title="bbox 153 3784 1206 3874; baseline -0.002 -24"><span class='ocrx_word' id='word_1_273' title='bbox 153 3786 364 3850; x_wconf 85' lang='lat' dir='ltr'><strong>aZoroastre</strong></span> <span class='ocrx_word' id='word_1_274' title='bbox 390 3799 493 3849; x_wconf 91' lang='lat' dir='ltr'><strong>ortam</strong></span> <span class='ocrx_word' id='word_1_275' title='bbox 520 3784 677 3851; x_wconf 86' lang='lat' dir='ltr'><strong>Thessalis</strong></span> <span class='ocrx_word' id='word_1_276' title='bbox 707 3786 804 3853; x_wconf 87' lang='lat' dir='ltr'><strong>fuisse</strong></span> <span class='ocrx_word' id='word_1_277' title='bbox 833 3787 962 3852; x_wconf 82' lang='lat' dir='ltr'><strong>seminis</strong></span> <span class='ocrx_word' id='word_1_278' title='bbox 989 3810 1067 3874; x_wconf 89' lang='lat' dir='ltr'><strong>prae</strong></span> <span class='ocrx_word' id='word_1_279' title='bbox 1090 3788 1206 3851; x_wconf 88' lang='lat' dir='ltr'><strong>ceteris</strong></span> 
     </span>
     <span class='ocr_line' id='line_1_34' title="bbox 154 3879 1202 3972; baseline 0.001 -22"><span class='ocrx_word' id='word_1_280' title='bbox 154 3887 318 3972; x_wconf 84' lang='lat' dir='ltr'><strong>propriam</strong></span> <span class='ocrx_word' id='word_1_281' title='bbox 333 3888 467 3953; x_wconf 88' lang='lat' dir='ltr'><strong>Vossius</strong></span> <span class='ocrx_word' id='word_1_282' title='bbox 479 3903 633 3954; x_wconf 88' lang='lat' dir='ltr'><strong>monstrat</strong></span> <span class='ocrx_word' id='word_1_283' title='bbox 646 3891 783 3972; x_wconf 87' lang='lat' dir='ltr'><strong>adVirg.</strong></span> <span class='ocrx_word' id='word_1_284' title='bbox 793 3890 860 3958; x_wconf 87' lang='lat' dir='ltr'><strong>Ecl.</strong></span> <span class='ocrx_word' id='word_1_285' title='bbox 870 3879 976 3970; x_wconf 78' lang='lat' dir='ltr'><strong>vlit,</strong></span> <span class='ocrx_word' id='word_1_286' title='bbox 999 3897 1050 3958; x_wconf 83' lang='lat'><strong>68.</strong></span> <span class='ocrx_word' id='word_1_287' title='bbox 1093 3889 1202 3971; x_wconf 88' lang='lat' dir='ltr'><strong>Itaque</strong></span> 
     </span>
     <span class='ocr_line' id='line_1_35' title="bbox 156 3989 1203 4076; baseline 0.002 -24"><span class='ocrx_word' id='word_1_288' title='bbox 156 3989 313 4054; x_wconf 81' lang='lat' dir='ltr'><strong>formulae</strong></span> <span class='ocrx_word' id='word_1_289' title='bbox 325 3991 639 4056; x_wconf 81' lang='lat' dir='ltr'><strong>incantamentorum</strong></span> <span class='ocrx_word' id='word_1_290' title='bbox 654 3995 732 4058; x_wconf 87' lang='lat' dir='ltr'><strong>istae</strong></span> <span class='ocrx_word' id='word_1_291' title='bbox 743 3993 849 4059; x_wconf 86' lang='lat' dir='ltr'><strong>herbis</strong></span> <span class='ocrx_word' id='word_1_292' title='bbox 861 3997 1052 4060; x_wconf 89' lang='lat' dir='ltr'><strong>addiderunt</strong></span> <span class='ocrx_word' id='word_1_293' title='bbox 1067 3991 1203 4076; x_wconf 89' lang='lat' dir='ltr'><strong>quibus-</strong></span> 
     </span>
     <span class='ocr_line' id='line_1_36' title="bbox 158 4093 1300 4179; baseline 0.001 -23"><span class='ocrx_word' id='word_1_294' title='bbox 158 4093 234 4158; x_wconf 89' lang='lat' dir='ltr'><strong>dam</strong></span> <span class='ocrx_word' id='word_1_295' title='bbox 261 4107 315 4159; x_wconf 84' lang='lat' dir='ltr'><strong>anl</strong></span> <span class='ocrx_word' id='word_1_296' title='bbox 340 4093 501 4160; x_wconf 84' lang='lat' dir='ltr'><strong>salubrem</strong></span> <span class='ocrx_word' id='word_1_297' title='bbox 529 4106 586 4160; x_wconf 84' lang='lat' dir='ltr'><strong>aut</strong></span> <span class='ocrx_word' id='word_1_298' title='bbox 605 4094 758 4163; x_wconf 84' lang='lat' dir='ltr'><strong>letalem..</strong></span> <span class='ocrx_word' id='word_1_299' title='bbox 793 4097 910 4179; x_wconf 89' lang='lat' dir='ltr'><strong>Primi,</strong></span> <span class='ocrx_word' id='word_1_300' title='bbox 947 4097 1068 4162; x_wconf 92' lang='lat' dir='ltr'><strong>Plinius</strong></span> <span class='ocrx_word' id='word_1_301' title='bbox 1089 4095 1203 4179; x_wconf 87' lang='lat' dir='ltr'><strong>inquit,</strong></span> <span class='ocrx_word' id='word_1_302' title='bbox 1238 4164 1241 4168; x_wconf 15' lang='grc' dir='ltr'><strong><em>Δ</em></strong></span> <span class='ocrx_word' id='word_1_303' title='bbox 1299 4165 1300 4169; x_wconf 11' lang='lat'>¹</span> 
     </span>
    </p>
   </div>
   <div class='ocr_carea' id='block_1_4' title="bbox 0 0 1353 4928">
    <p class='ocr_par' dir='ltr' id='par_1_5' title="bbox 0 0 1353 4928">
     <span class='ocr_line' id='line_1_37' title="bbox 0 0 1353 4928; baseline 0 0"><span class='ocrx_word' id='word_1_304' title='bbox 0 0 1353 4928; x_wconf 95' lang='lat' dir='ltr'><strong> </strong></span> 
     </span>
    </p>
   </div>
  </div>
 </body>
</html>
