2686 4928
857 216 882 265 ,b

547 330 897 448 ...133ss-

292 592 322 637 v.
340 572 413 640 389.
465 572 599 638 thrans.
643 572 693 639 lta
717 592 755 639 er
779 575 959 642 coniectura
978 573 1141 657 Granum
1165 579 1248 650 olim

187 681 312 745 uibrant
327 673 415 737 nullo
435 678 554 762 sensu]
576 675 710 742 lubus.
754 657 939 745 Ceterorum
961 681 1164 748 coniecturae
1184 706 1248 753 va-

187 801 250 848 nae
269 799 390 844 omnes.
433 780 601 842 Ardentem
620 784 763 863 spiritum
785 785 895 848 ducens
916 782 999 848 bene
1018 784 1246 870 interpretatur

186 882 341 949 Wernsd.
363 896 501 946 amotum
517 884 539 947 i.
555 904 580 947 e.
597 898 795 966 consuetam,
823 885 880 948 ubi
901 887 1019 951 versari
1035 887 1132 972 solet,
1157 891 1244 976 opti-

184 1009 240 1052 me
252 987 387 1051 restituit
401 985 481 1050 Ulit
496 983 738 1053 Wernsdorfius
752 987 868 1052 adiecit
882 988 992 1055 Horat.
1006 985 1117 1056 Carm.
1131 991 1176 1071 1.,
1192 995 1241 1061 80.

185 1113 293 1174 sperne
323 1093 466 1155 dilectam
496 1094 637 1174 Cyprum.
680 1089 873 1176 ¹Superadde
897 1091 1005 1160 Valer.
1029 1093 1136 1162 Flacc.
1157 1095 1238 1176 Vll..

187 1196 350 1262 126.126.

287 1371 317 1417 v.
327 1351 401 1417 892.
452 1351 581 1423 Vertere,
603 1346 636 1411 h.
651 1349 735 1413 versi
748 1347 847 1433 sunt]
860 1344 1047 1414 Wernsd.

286 1527 317 1569 v.
342 1501 417 1572 896.
460 1501 545 1570 Salis
570 1503 730 1568 medicina
753 1503 795 1567 ab
822 1502 977 1573 omnibus
994 1504 1238 1572 commendatur

181 1609 393 1698 agriculturae
413 1605 631 1692 scriptoribus,
653 1602 833 1677 Columella
849 1611 943 1690 Vll„
966 1614 995 1674 8.
1017 1605 1148 1675 Aristot.
1170 1606 1238 1675 bist.

181 1738 234 1785 an.
256 1711 362 1792 Vnt,
390 1716 458 1786 10.,
485 1731 566 1793 quos
596 1708 706 1775 laudat
733 1709 864 1778 Vossius
887 1713 930 1779 ad
959 1708 1077 1794 Georg.
1108 1736 1141 1798 p.
1163 1710 1238 1781 unt.

140 1832 158 1871 ⁸
179 1800 297 1906 purum*
310 1830 356 1882 est
375 1813 416 1879 ab
438 1813 528 1878 omni
545 1815 745 1900 corruptione
763 1828 885 1895 tutum,
908 1829 942 1878 ut
960 1815 1124 1901 putredini
1140 1816 1239 1901 possit

179 1919 360 1999 adversari,
380 1916 431 1982 vel
447 1931 574 2003 propter
588 1917 802 2002 expiationes,
825 1933 859 1983 ut
874 1916 959 2005 apud
975 1916 1139 1983 Ovidium
1150 1916 1236 1988 Μ.

116 2073 119 2078 -
178 2024 225 2105 1.,
246 2024 320 2090 888.
340 2018 517 2100 Tibulli,
540 2017 590 2098 6.,
615 2023 665 2085 11.
707 2019 761 2085 De
781 2042 845 2105 quo
858 2022 1016 2086 videndus
1030 2019 1234 2089 Eustathad

178 2127 217 2194 ll.
230 2127 274 2209 ti,
301 2121 376 2189 314.
405 2126 488 2185 tenui
508 2143 573 2184 non
594 2120 772 2206 qualitatis,
811 2127 867 2190 sed
887 2126 1075 2210 quantitatis
1094 2145 1177 2206 esse,
1198 2136 1233 2193 n

177 2230 253 2298 475.
267 2242 298 2295 et
312 2225 404 2305 622„
422 2225 543 2290 nutavit
556 2222 688 2295 Ulitius.
732 2225 798 2294 Sed
813 2249 878 2318 non
893 2233 1041 2296 convenit
1052 2254 1085 2297 v.
1097 2226 1171 2296 476.

281 2423 312 2467 v.
327 2401 402 2467 396.
445 2394 529 2462 Ante
544 2419 643 2483 quam
660 2419 724 2464 nox
739 2398 835 2486 plena
849 2400 1018 2486 ingruerit,
1041 2420 1113 2468 ecce
1126 2398 1226 2466 aderit

174 2527 301 2582 rursus,
327 2503 476 2587 quiante
496 2498 641 2583 fugerat,
669 2517 701 2566 et
716 2506 862 2568 coenanti
881 2504 940 2568 tibi
952 2503 1073 2572 blande
1086 2506 1229 2574 arietent

175 2607 284 2698 patulo
299 2624 355 2670 ore
369 2602 480 2667 eibum
494 2603 604 2688 petet]
623 2603 814 2671 Wernsd.

279 2782 310 2824 v.
327 2760 401 2825 899.
442 2755 602 2823 Remedia
613 2774 845 2827 commemorat
859 2780 897 2826 ex
914 2759 970 2826 illo
985 2781 1109 2846 genere,
1132 2770 1230 2850 quatit

174 2863 395 2958 sympathiam
421 2859 518 2928 hodie
538 2882 703 2932 vocamus.
746 2863 832 2931 Eam
859 2878 932 2930 tum
960 2867 1126 2953 propriam
1156 2868 1230 2935 artis

174 2972 323 3039 medicae
346 2966 433 3051 apud
455 2980 595 3044 veteres,
624 2981 695 3031 tum
722 2969 843 3032 mirum
865 2982 1023 3053 quantum
1045 2969 1097 3050 ad,
1113 2991 1228 3056 super·
1260 2948 1271 2989 ⁸

47 3143 52 3154 ‚
110 3108 113 3114 ¹
172 3075 336 3141 stitionem
365 3067 539 3135 accrevisse
567 3069 741 3136 verisimile
771 3084 825 3137 est.
875 3068 925 3136 Ac
948 3087 1069 3137 veteres
1093 3075 1228 3157 quidem

172 3189 333 3262 quantum
351 3171 514 3237 eiusmodi
524 3171 621 3237 rebus
634 3175 751 3239 astricti
769 3173 902 3255 suerint,
931 3193 969 3239 ex
984 3169 1106 3239 Catum
1126 3189 1228 3261 potest
1266 3238 1269 3245 ,

171 3278 325 3360 intelligi,
361 3295 460 3357 quem
487 3272 619 3339 Vossius
647 3275 756 3340 laudat
782 3277 826 3341 ad
850 3273 977 3359 Georg·
999 3276 1059 3341 lll.
1087 3299 1120 3362 p.
1153 3282 1227 3346 670.

171 3381 270 3449 Plura
298 3392 532 3445 commemorat
559 3377 683 3444 Plinius
713 3378 861 3446 Naturali
882 3379 1031 3444 Historia.
1075 3378 1226 3448 Omnino

172 3500 283 3552 autem
303 3500 473 3565 magorum
496 3500 565 3563 ars,
601 3481 659 3546 etsi
677 3483 895 3549 saluberrimis
917 3497 986 3547 orta
1004 3482 1105 3549 initiis
1128 3500 1224 3571 atque

172 3609 249 3654 cum
261 3585 425 3649 medicina
439 3597 524 3647 arcte
547 3584 731 3667 coniuncta,
752 3590 798 3652 oti
818 3609 838 3652 a
858 3585 1042 3653 necessariis
1057 3601 1129 3652 orta
1147 3610 1225 3676 peo-

171 3689 282 3759 venire
303 3686 345 3751 ad
366 3688 506 3751 nimium
524 3685 641 3765 solent,
675 3691 710 3751 in
737 3703 867 3776 ¹tantum
894 3703 964 3753 erat
992 3688 1090 3755 Plinii
1118 3707 1224 3760 aetate

172 3808 298 3873 wacta,
323 3803 359 3852 ut
381 3790 560 3856 medicinae
580 3790 742 3856 videretur
760 3791 858 3859 fidem
879 3790 1049 3876 abrogare,
1078 3794 1151 3881 ipso
1165 3809 1222 3868 ,te-

170 3911 274 3965 stante
294 3891 348 3961 tib.
368 3892 488 3957 xxtV.
516 3916 542 3957 c.
562 3890 593 3958 4.
634 3891 762 3980 Duplex
784 3911 829 3962 est
851 3910 960 3961 autem
986 3916 1084 3979 genus
1107 3920 1223 3986 super·

170 4000 321 4078 stitionis,
357 3995 491 4064 alterum
521 4016 605 4058 vano
633 4017 671 4062 ac
694 3998 810 4085 puerili
834 4011 925 4063 metu
956 4000 1219 4084 proseminatum,

171 4101 326 4184 alterum,
351 4099 437 4188 quod
458 4100 494 4163 in
517 4097 701 4170 divinarum
722 4125 830 4172 rerum
856 4103 1000 4190 quadam
1027 4107 1218 4173 verecundia
