2686 4928
501 348 919 479 ''¹²⁴‘'.

253 570 289 616 v.
309 550 385 615 88³.
433 550 534 615 Recte
566 550 728 635 vulgatam
761 567 871 621 contra
897 551 1068 618 Heinsinm
1098 567 1208 621 tuetur

150 652 404 722 Wernsdorfiue.
449 654 607 720 Similiter
626 657 714 721 enim
735 654 905 741 Oppianus
928 657 968 738 1.‚
990 660 1042 723 90.
1061 654 1207 743 οἷμφίτε-

149 782 224 847 ρον,
262 758 415 845 κραιπνόν
446 784 479 825 τε
505 760 593 825 θέειν
628 763 818 844 remmom
855 765 1026 847 μάχεσθαι.
1077 764 1207 843 Integet·

148 864 338 948 scripturam
360 859 566 946 depravatam
587 861 661 926 libri
684 863 850 930 Barthiani
873 867 1009 931 contulit
1034 865 1205 931 Burman-

146 990 298 1033 nuscum
314 964 430 1033 eadem
446 969 657 1052 discrepantia
672 969 820 1033 codicum
834 969 921 1055 apud
938 970 1081 1035 Statium
1096 967 1204 1037 Theb.

146 1069 257 1154 vlit,
278 1074 353 1139 302.
915 1088 918 1093 '

249 1240 281 1279 u.
297 1210 372 1279 884.
414 1212 556 1276 Accersas
579 1227 609 1275 et
631 1227 724 1295 temp.
746 1214 773 1275 b.
795 1210 827 1275 h.
847 1233 874 1277 e.
894 1212 1057 1297 quomodo
1079 1210 1198 1275 adoriri

145 1318 252 1386 feram
274 1332 306 1383 et
325 1315 454 1400 quando
475 1315 599 1380 debeat.
643 1315 699 1379 Sic
721 1318 809 1399 Virg.
831 1314 870 1381 A.
893 1317 966 1396 IV.,
988 1314 1063 1382 428.
1093 1318 1199 1379 molle·

146 1427 252 1490 aditus
269 1434 299 1484 et
326 1433 468 1500 temporo
495 1419 681 1504 coniungit]
708 1420 895 1486 Wernsd.
938 1420 983 1486 At
1010 1422 1100 1485 euim
1127 1419 1201 1483 loeo

145 1527 275 1609 Virgilii
291 1528 395 1588 odam
408 1537 452 1586 est
469 1522 641 1605 alloquium.
663 1523 843 1590 Lubenlius
856 1526 954 1607 igitur
966 1526 1091 1588 aditum
1108 1520 1201 1585 acei-

144 1632 255 1719 pImus
277 1628 425 1705 deloco,
448 1625 533 1688 unde
553 1626 586 1686 in
607 1626 689 1691 seras
708 1629 846 1712 impetus
868 1630 918 1709 lit,
940 1650 999 1692 nec
1012 1646 1126 1690 verum
1143 1638 1201 1707 eat,

145 1735 233 1821 quod
259 1730 411 1797 Barthins
438 1729 578 1809 monuit,
610 1753 702 1809 ogere
730 1735 837 1794 bellom
867 1733 930 1795 dici
953 1753 1010 1815 pro
1035 1752 1146 1810 gerere
1169 1732 1200 1795 Ie.-

145 1840 255 1905 Immo
276 1858 371 1916 ogere
389 1838 498 1899 bellom
519 1833 650 1910 dicitur,
679 1833 735 1898 ubi
756 1857 829 1898 cum
850 1838 973 1899 ratione
995 1834 1116 1898 bellum
1134 1832 1200 1897 ad-

142 1942 352 2009 ministratur.
401 1936 597 2001 Claudianus
625 1940 659 1999 in
684 1936 893 2022 Eutrop.11.,
920 1936 1010 2002 325.:
1047 1938 1198 2011 Tandem,

144 2047 267 2129 inquit,
295 2043 451 2105 consilium
476 2041 546 2100 belli
565 2038 717 2122 consessus
743 2045 855 2118 agendi
880 2055 975 2123 atque
1000 2061 1056 2104 cur
1081 2040 1198 2118 mardi

146 2149 276 2225 dixerit,
299 2146 369 2228 ipsa
390 2144 546 2205 eonsilium
568 2163 646 2206 voce
668 2141 815 2208 declarat.
860 2143 917 2207 Est
932 2147 1035 2207 enim:
1058 2146 1195 2217 landun,

144 2276 202 2340 quo
217 2251 342 2316 consitio
361 2248 469 2310 bellum
489 2248 612 2330 disponi
627 2249 748 2309 deberet
768 2262 797 2310 et
817 2252 1050 2323 administram,
1068 2242 1190 2329 consee-

143 2381 194 2424 eus
207 2370 261 2421 est.
304 2354 415 2435 Itaque
430 2352 576 2435 apprime
590 2351 651 2415 sibi
667 2366 885 2434 opponuntur:
908 2358 939 2413 in
956 2354 1075 2433 agendo
1091 2380 1135 2399 -
1154 2356 1188 2411 et

144 2460 333 2542 suscipiendo
347 2458 422 2518 dello
439 2451 587 2517 Cornelio
600 2451 683 2537 Nep.
697 2455 802 2519 Hann.
819 2457 911 2520 VIII.
926 2459 954 2538 ᾗ.
969 2465 998 2523 3.

248 2620 278 2662 v.
295 2594 367 2659 335.
388 2597 607 2665 sociosscones
621 2594 816 2677 interpretati
835 2611 923 2675 suot,
948 2596 1056 2661 minus
1068 2590 1194 2658 validos

144 2704 235 2767 hoste
256 2696 386 2762 stabulis
411 2695 528 2775 excito,
551 2693 669 2760 Ulitius
693 2711 723 2759 et
735 2696 845 2764 Barth.
869 2695 1068 2764 Graecorum
1091 2696 1194 2777 ἥττων

143 2816 311 2887 comparat
330 2796 504 2874 Wernsd.,
525 2814 576 2864 ut:
598 2804 698 2863 minor
719 2806 750 2864 in
772 2809 936 2867 certamino
956 2804 1066 2868 Horat.
1090 2798 1197 2889 Epist.

142 2908 187 2993 r,
211 2913 279 2988 ιο.
298 2903 349 2969 aa.

247 3071 276 3108 v.
293 3045 367 3107 336.
409 3039 481 3106 Nisi
500 3041 595 3124 igitur
610 3057 641 3108 et
655 3043 814 3108 rationem
834 3058 865 3109 et
883 3059 1006 3128 tempus
1025 3056 1192 3127 artemque

142 3148 284 3215 bellandi
298 3144 452 3229 intelligat
465 3147 629 3227 magister,
653 3161 709 3211 aut
724 3147 833 3212 cedent
850 3170 958 3225 canes,
979 3161 1050 3224 aut,
1071 3147 1101 3209 si
1114 3146 1190 3222 vin-,

143 3266 235 3330 cunt,
267 3249 394 3311 vincent
421 3270 493 3311 curn
519 3247 657 3329 damno,
692 3251 764 3313 rudi
786 3266 816 3314 et
836 3250 1045 3332 incomposita
1065 3250 1189 3327 uirtute.

141 3355 192 3419 vel
215 3353 344 3421 lacerati
362 3362 392 3413 et
415 3351 519 3413 nimio
542 3351 649 3415 labore
673 3353 846 3435 defatigati.
878 3351 967 3417 Bene
980 3352 1188 3431 Burmannus¹

141 3456 306 3523 annotavit
323 3453 558 3536 loquutionem:
589 3469 643 3517 out
661 3458 718 3519 illo
731 3470 833 3519 tomen
851 3461 984 3519 victorio
999 3458 1115 3518 domno
1134 3468 1185 3521 eet.

140 3580 200 3646 per
220 3559 378 3623 desectum
391 3559 543 3622 orationis
557 3560 717 3643 quendam
733 3560 983 3646 explanandam:
1003 3593 1048 3607 -
1068 3572 1140 3633 out,
1158 3562 1186 3623 ri

140 3668 274 3727 vincunt.
318 3660 403 3724 Vide
425 3658 566 3727 Gronov.
587 3663 628 3725 ad
651 3663 761 3727 Seuer.
790 3665 830 3727 de
857 3663 960 3727 benef.
981 3662 1059 3741 IV.,
1080 3668 1112 3732 6.
1142 3660 1184 3725 ad

139 3762 215 3831 Liv.
226 3760 366 3841 XXIII,
388 3766 438 3829 19.
473 3759 566 3829 Corte
582 3766 623 3831 ad
641 3765 765 3834 Sallust.
779 3770 845 3850 lug.
861 3767 914 3832 55.
947 3762 1097 3853 Calpurn.
1116 3762 1184 3829 Ect.

140 3868 300 3949 Mal).

168 3986 273 4054 rfjessv.
294 3982 370 4047 337.
414 3974 531 4045 Cautm
560 4003 634 4066 ergo
662 3997 693 4051 et
721 4006 795 4049 cnm
820 3990 944 4052 ratione
972 3987 1014 4052 ad
1045 3980 1184 4073 renaudi

141 4110 220 4177 opus
240 4085 427 4172 aggredere,
441 4103 508 4151 ,nec
525 4105 692 4155 annorum
713 4091 987 4176 qoimuamdesit.
1030 4089 1098 4155 Sed
1116 4090 1187 4159 mla
