2686 4928
485 335 806 413 ....p4.....

94 568 98 576 ι
128 541 165 598 ..ζ
191 557 258 601 stru.
273 535 354 600 190.-
390 529 444 600 Ne
457 545 567 605 tamen
581 540 757 618 existimes,
776 538 870 624 plane
888 558 1009 609 vanum
1027 563 1094 611 esse
1116 567 1175 632 ge-

124 662 184 706 nus
204 638 410 717 Aetolorum,
444 640 529 705 mira
547 641 587 708 iis
607 643 689 708 inest
712 640 854 709 celeritas
875 647 1108 729 inuestigandi,
1122 663 1175 715 ut

123 744 227 812 nullus
239 741 335 815 facile
346 739 474 807 labor
448 755 498 821 stt,
519 763 583 825 quo
595 745 673 809 victi
688 745 843 812 desistant.
889 749 1057 815 Consedere
1071 754 1175 815 labori

121 865 169 925 ut
177 849 338 927 concedere
356 866 459 910 somno
479 839 630 934 Calpurn.
649 846 758 932 Eclog.
778 847 836 917 IX.
871 847 999 919 Nemes.
1023 853 1061 939 ll.
1069 853 1172 942 ,43]

122 934 372 1063 Wcrnsd.

113 1112 161 1160 ’τι
225 1132 257 1174 ιι.
272 1107 344 1172 193.
384 1101 484 1188 Quia·
493 1102 617 1168 nullum
632 1118 679 1170 est
699 1125 797 1189 genus
813 1106 907 1173 omni
927 1125 965 1172 es
981 1124 1071 1195 parta
1087 1129 1173 1198 'per-

119 1210 258 1290 feetum',
283 1208 397 1272 iocirco
414 1207 549 1287 suadeo,
578 1222 615 1272 nt
634 1208 750 1274 diversi
771 1210 895 1293 generis
915 1233 1009 1278 canes
1030 1215 1118 1280 inter
1135 1235 1172 1285 oe

114 1319 330 1390 ῃὶωιιιιιιιι,
348 1312 414 1396 qui·
427 1331 448 1374 a
461 1326 551 1396 patre
566 1324 599 1375 et
616 1327 720 1382 matre
738 1314 855 1379 mixtas
873 1303 1012 1397 habeant
1028 1317 1171 1386 diversas

120 1424 217 1489 dotes.
244 1416 375 1483 Miscebo
391 1413 442 1477 vol
462 1427 576 1498 poetae
591 1434 684 1479 come
700 1430 905 1502 praeceptum
920 1433 1023 1503 potest
1039 1419 1171 1507 signifi*

116 1545 207 1611 esre,
225 1521 278 1607 vel
291 1518 333 1624 ad
352 1517 514 1604 sequentia
528 1531 661 1603 spectat,
680 1533 757 1585 utv.
773 1524 825 1584 23.
839 1542 930 1584 orma
945 1524 1034 1586 dabo.
1078 1523 1169 1593 Tum

115 1606 241 1730 serbis
243 1615 341 1689 uor'iis
362 1622 503 1689 miscebo
523 1624 660 1699 gentibus
682 1645 765 1688 usum
784 1637 859 1687 nota
885 1623 1112 1716 hypallagem
1157 1670 1187 1708 ,.

110 1708 183 1800 sive
199 1729 290 1809 verbi
309 1712 546 1821 coilstructionis
569 1724 722 1804 inversio,
750 1726 846 1789 metri
866 1726 998 1794 vinculis
1019 1726 1169 1843 plebum·

112 1858 175 1927 que
192 1833 339 1919 flagitata.
380 1827 445 1895 Ex'
453 1846 517 1912 quo
539 1845 652 1910 genere
675 1842 736 1893 est:
768 1830 842 1892 ctio
864 1843 939 1892 noto
957 1836 986 1894 si
1005 1826 1169 1904 commista

113 1942 242 2006 Falerni
253 1948 297 2000 cst
310 1930 420 1996 Horat.
434 1927 598 2008 Serm..l,
617 1933 684 2010 10.,
698 1929 768 2012 24,
789 1934 866 1995 dore
879 1934 1023 1999 classibus
1041 1950 1200 2049 auaro,

109 2043 201 2133 virg
218 2038 300 2104 Aen.
320 2032 398 2112 lll,
419 2035 489 2112 61,
511 2034 626 2094 coelum
645 2034 740 2096 stolus
757 2048 864 2118 aptum
884 2032 967 2103 Aen.
986 2037 1065 2126 XL,
1086 1990 1200 2113 202,

111 2142 180 2214 etr.
194 2137 310 2210 Voss.
300 2142 428 2203 tostos.
441 2079 498 2202 lib.
511 2132 568 2200 IV
590 2134 685 2202 ch.
699 2149 772 2205 sect.
789 2139 839 2202 12.
1114 2142 1118 2153 “

212 2322 243 2363 ιι.
267 2292 340 2362 194.
385 2242 557 2380 Quondam
571 2291 753 2376 saepissime
781 2305 827 2359 est
845 2293 1030 2378 aliquando,
1055 2301 1152 2365 ίιιαι,

108 2413 190 2486 dum,
205 2417 241 2469 ut
254 2397 448 2487 apud-Orid.
461 2394 545 2462 Fast.
560 2395 621 2476 ll.,
634 2399 708 2464 799.
721 2391 916 2462 HonCarm.
928 2399 982 2482 tl,
999 2405 1050 2467 10,
1064 2404 1152 2470 nib.

208 2565 350 2639 v.194·
378 2562 537 2628 Umbrica
555 2585 592 2631 ex
614 2581 718 2631 matre
739 2566 860 2652 agilitas
881 2582 1028 2634 nascetur
1046 2558 1156 2641 Gallo

103 2677 200 2769 Canis
226 2664 379 2738 Umbrici
407 2668 597 2737 viridiorem
626 2684 774 2736 naturam
801 2687 1035 2741 commemorat
1061 2673 1156 2764 virg.

102 2782 183 2850 Aen.
198 2775 290 2868 ΧΠ..
311 2773 385 2842 763.

102 2961 106 2967 ·
204 2955 238 2999 v.
252 2932 325 2999 196
368 2927 475 2995 Sensit
489 2928 622 3011 quidem
641 2925 808 3008 Heinsius,
834 2944 992 3016 quantum
1012 2932 1154 3020 langne-

101 3050 289 3108 retroneum
308 3053 379 3096 vor.
422 3028 481 3111 At,
502 3031 589 3116 quod
611 3032 679 3118 ipse
695 3032 836 3112 induxit,
860 3039 1014 3099 incautum
1034 3039 1152 3113 vitiosa

100 3139 242 3209 cumulat
259 3137 445 3200 orationem.
489 3131 653 3199 Correctio
677 3135 711 3225 in
733 3150 884 3221 promptu
906 3153 968 3204 est:
993 3154 1024 3205 et
1039 3164 1151 3209 nonae

99 3250 229 3310 nstfsm
252 3240 421 3320 Calydonio
437 3239 565 3316 linguens.
607 3235 695 3303 Nam
717 3242 875 3323 natur-alc,
897 3242 1016 3326 inquit,
1035 3253 1150 3315 mats-is

97 3342 206 3413 sitirem
220 3347 323 3429 patris
342 3342 470 3407 Molossi
488 3346 640 3405 consortio
661 3344 886 3413 emendabitur:
928 3347 1038 3411 Vitium
1062 3354 1147 3417 esim

96 3450 271 3514 vitietur-a
299 3443 521 3529 gladiatoribus
547 3458 731 3529 sumptum,
766 3466 846 3529 quos
876 3446 1004 3531 plagam
1033 3450 1145 3519 dictant

96 3558 187 3620 eolre.
208 3549 376 3614 videndos
387 3547 536 3631 Virgilius
548 3546 628 3614 Aeo.
642 3546 700 3626 V.,
724 3543 798 3612 433.
821 3549 895 3629 XL,
918 3553 994 3617 760.
1014 3550 1143 3624 Lucret.

93 3656 151 3740 V„
173 3652 269 3718 13291
289 3649 452 3735 laniosque
472 3650 606 3728 dictum,
625 3670 731 3734 quam
751 3671 780 3713 v.
799 3653 870 3717 171.
893 3661 1029 3720 excutiet.
1074 3655 1141 3725 Sed

85 3771 169 3831 ,enm
179 3753 283 3820 molta
295 3752 494 3837 absurditatis
508 3752 654 3838 exempla
665 3755 699 3815 in
710 3752 796 3818 hunc
809 3752 1139 3824 locumaBurmanno

95 3866 256 3945 congesta,
279 3869 348 3920 tum
367 3855 405 3916 in
425 3875 462 3919 eo
477 3857 576 3919 etiam
596 3856 860 3940 perstringendus,
871 3873 933 3938 est,
954 3860 1041 3944 quod
1056 3860 1139 3928 adeo

93 3959 296 4050 ne'aspiravit
308 3957 438 4044 quidem
453 3957 495 4022 ad
509 3958 675 4024 honestam
688 3972 800 4044 poetae
817 3977 969 4042 mentem,
990 3961 1134 4029 arneto-

91 4067 361 4155 lumopinaretur
383 4060 600 4143 garrulitatem
621 4059 705 4129 hica
725 4075 820 4149 poeta
837 4067 960 4149 notari,
986 4087 1134 4139 comme-
