2686 4928
525 372 850 448 ..n-

160 579 356 645 comedone
384 568 541 643 Heinsius.
584 575 747 643 Et1initio
775 586 900 659 versus,
933 575 1211 664 quemadmodum

159 704 247 749 versu
261 688 338 763 22,
357 680 506 746 non·sine
517 681 551 743 vi
560 676 728 766 aliqua'est
741 685 893 769 positum.

260 812 294 881 n.
315 818 371 882 79.
413 813 512 879 Nullo
532 829 625 903 pacto
645 816 852 883 adversantur
876 815 941 881 sibi
968 817 1107 883 invicem
1131 840 1212 887 sen-·

160 925 286 990 tentiae.
315 908 318 912 ’
340 920 454 1005 ltaque
478 921 612 985 missum
637 918 775 991 facimus
796 936 832 985 at
852 920 1060 1009 particulam,
1078 939 1209 991 natam

160 1029 245 1097 illam
278 1048 332 1092 ex·
349 1022 529 1110 corruptela
558 1023 674 1089 codicis
687 1024 778 1103 ,The
811 1028 850 1088 ab
877 1022 1051 1105 bonafide
1078 1046 1210 1113 repone.

155 1132 264 1219 ltaque
282 1127 514 1196 sententia'est
532 1122 629 1191 haec:
652 1124 905 1211 ingratissimum
921 1127 1058 1194 reddunt
1074 1130 1216 1197 odorem

154 1256 282 1325 pennae
306 1231 442 1298 vulturis
467 1243 498 1295 et
519 1229 674 1296 silvestres
695 1231 778 1298 seras
805 1233 899 1318 longe
924 1248 1051 1314 arcent3
1078 1235 1211 1321 plumas

157 1340 257 1422 igitur
272 1336 366 1425 cygni
392 1349 425 1400 et
450 1333 582 1399 vulturis
611 1332 792 1401 alternatim
819 1338 924 1423 iunge
964 1335 1048 1423 Apte
1075 1338 1209 1408 contulit

160 1443 264 1535 Titius
277 1440 456 1506 Aelianum
470 1437 510 1503 de
523 1439 623 1503 anim.
637 1436 682 1519 1.,
701 1438 771 1504 45.:
788 1448 896 1526 γυπῶν
911 1435 1010 1529 arrepti
1021 1443 1050 1509 εἷ
1061 1428 1208 1530 θωμάσαι

156 1573 217 1632 τις,
254 1540 299 1624 ὥς
326 1541 451 1625 datatim
481 1547 534 1607 καὶ
555 1538 591 1606 ἐκ
619 1547 742 1626 φωλεῶν
766 1550 819 1611 καὶ
846 1544 882 1624 ἐξ
906 1536 995 1612 lesen
1020 1541 1093 1625 τοὺς
1118 1546 1206 1636 ὄφεις

150 1652 284 1743 προαξᾳ
308 1643 419 1737 ῥᾷστα.
449 1639 545 1729 'Apte
567 1645 667 1711 etia'm
692 1646 754 1712 huc
772 1649 879 1714 retulit
898 1640 1022 1718 Ulitius
1043 1651 1207 1719 Senecam·

149 1758 192 1822 de
206 1738 261 1820 iia
274 1752 331 1817 lib.
341 1750 387 1817 ll.
405 1768 432 1819 r.
450 1752 517 1814 12:
559 1751 738 1814 Acerrimas
753 1749 843 1835 seras
860 1753 983 1827 umbra,
1004 1776 1065 1818 vox
1078 1768 1109 1819 et
1125 1762 1204 1824 oder

150 1862 301 1926 insolitus
316 1856 457 1935 medat.
500 1850 671 1919 Lucanum
687 1853 741 1920 lib.
754 1853 831 1933 lv„
853 1845 944 1922 ¹137.t

276 2046 280 2053 .
369 2022 412 2037 -
428 1992 499 2079 dum
517 1990 648 2072 pavidos
661 1985 832 2074 formidine
846 2009 953 2068 cervos

247 2095 380 2159 Claudat
397 2096 547 2159 odoratae
570 2105 730 2157 metuentes
753 2099 831 2159 adra
848 2114 976 2176 pennae.

147 2230 344 2318 Oppianum
359 2224 440 2316 Cyn.
455 2227 526 2309 1V.,
547 2230 712 2294 65.-68.

493 2397 538 2411 -
557 2363 627 2429 ἐπεὶ
642 2361 725 2447 μάλα
741 2356 855 2445 dripere
873 2361 985 2428 ndotv'

261 2461 409 2544 ὄξῦταται
429 2460 522 2554 ῥινῶν
540 2462 723 2551 deperiens·
753 2463 782 2529 εἲ
801 2465 836 2530 δὲ
860 2466 1033 2553 φράσαιντο

260 2570 453 2650 dorenses
473 2564 569 2655 ὄδμῆν
591 2568 840 2655 ἢπεπταμένοιο
858 2575 966 2656 λίνοιο,
1000 2652 1003 2657 ,

258 2662 392 2758 Ιἔμπαλιν
413 2675 558 2742 ledonens
578 2707 624 2722 -

249 2850 280 2897 v.
303 2833 356 2897 81.
399 2854 488 2916 quam
515 2831 604 2893 clara
634 2842 664 2892 et
685 2830 813 2911 pinguis.
863 2823 1022 2906 Pinguem
1046 2825 1194 2913 appellat,

146 2931 225 3014 quia
241 2931 373 2999 odorem
394 2936 528 3019 spargit3
552 2937 604 3000 sub
624 2938 736 3005 ermis,
763 2926 945 3017 pendebant
959 2928 1047 2990 enim
1062 2920 1194 3014 plumae

146 3052 189 3096 ex
203 3033 288 3100 linea
301 3037 460 3104 deorsum.
491 3036 590 3100 Porro
603 3035 684 3099 nihil
699 3056 779 3119 opus
792 3045 837 3095 est
851 3029 1194 3096 correctioneWerns-

142 3135 241 3213 dorii:
272 3143 373 3206 mollis
394 3155 497 3205 tractu
517 3160 574 3225 pro
595 3153 691 3203 taeta.
735 3135 829 3203 lubet
850 3136 947 3219 igitur
965 3134 1064 3201 talem
1083 3132 1193 3200 lacere

142 3238 371 3322 formidinem,
397 3264 480 3327 quae
496 3243 597 3308 facilis
611 3257 641 3307 et
654 3241 839 3324 obsequiosa
851 3255 936 3306 tactu
951 3240 1007 3321 sit,
1029 3259 1089 3304 nec
1108 3238 1192 3305 den·
1245 3293 1247 3297 ,

142 3363 211 3407 sam
228 3344 329 3412 nimis
348 3361 378 3410 et
395 3363 613 3432 compactam,
639 3346 780 3433 pluribus
798 3346 916 3431 plumis
934 3365 1000 3410 una
1016 3341 1191 3428 coniunctis

140 3459 169 3510 et
188 3449 291 3512 nexis.
332 3450 491 3537 Deinceps
1000 3444 1002 3450 ’

222 3640 225 3644 ,
244 3607 338 3655 versu
356 3593 406 3654 83.
422 3604 452 3653 et
469 3589 520 3654 84.
540 3591 682 3653 nimium
700 3601 855 3670 quantum
875 3598 1000 3649 textum
1027 3604 1092 3650 esse
1113 3607 1187 3649 cor-

141 3702 288 3772 ruptum,
326 3693 453 3779 pridem
483 3695 696 3775 cognovimus.
744 3689 832 3754 Nam
862 3711 962 3774 quum
990 3687 1123 3773 vulgatis
1151 3689 1186 3750 in

143 3793 375 3878 exemplaribus
388 3800 556 3881 scriptura:
583 3819 619 3858 ne
634 3816 793 3879 reprensa,
812 3794 870 3859 etsi
883 3794 1058 3877 longinqua
1072 3807 1185 3855 aucto-

142 3892 231 3960 ritate
249 3899 404 3977 stabilita,
433 3902 618 3985 ambiguam
641 3916 671 3964 et
685 3903 841 3962 incertam
855 3897 965 3962 reddat
982 3895 1182 3971 sententiam,

143 4015 204 4058 non
223 4003 356 4066 omnino
379 4003 568 4088 negligenda
591 4016 678 4082 sunt,
717 4021 800 4084 quae
818 3998 949 4085 protulit
968 3997 1055 4062 Frid.
1076 3993 1182 4060 Iacob.

144 4094 255 4168 Annal.
268 4104 345 4192 phil.
360 4122 392 4173 et
405 4107 496 4191 paed.
511 4107 553 4173 ab
568 4106 670 4174 lahno
684 4106 776 4172 editis
791 4108 884 4173 1826.
897 4102 993 4172 Toni.
1006 4100 1049 4168 11.
1063 4096 1136 4164 Vol.
1144 4097 1180 4180 1.,
