<?xml version="1.0" encoding="UTF-8"?>
<!DOCTYPE html PUBLIC "-//W3C//DTD XHTML 1.0 Transitional//EN"
    "http://www.w3.org/TR/xhtml1/DTD/xhtml1-transitional.dtd">
<html xmlns="http://www.w3.org/1999/xhtml" xml:lang="en" lang="en">
 <head>
  <title>
</title>
<meta http-equiv="Content-Type" content="text/html;charset=utf-8" />
  <meta name='ocr-system' content='tesseract 3.04.00' />
  <meta name='ocr-capabilities' content='ocr_page ocr_carea ocr_par ocr_line ocrx_word'/>
</head>
<body>
  <div class='ocr_page' id='page_1' title='image "./gratiifalisciet00stergoog_0111.png"; bbox 0 0 2686 4928; ppageno 0'>
   <div class='ocr_carea' id='block_1_1' title="bbox 500 322 824 396">
    <p class='ocr_par' dir='ltr' id='par_1_1' title="bbox 500 322 824 396">
     <span class='ocr_line' id='line_1_1' title="bbox 500 322 824 396; baseline 0 -23"><span class='ocrx_word' id='word_1_1' title='bbox 500 322 824 396; x_wconf 48' lang='lat'>„724-</span> 
     </span>
    </p>
   </div>
   <div class='ocr_carea' id='block_1_2' title="bbox 80 515 1243 1529">
    <p class='ocr_par' dir='ltr' id='par_1_2' title="bbox 140 515 1193 607">
     <span class='ocr_line' id='line_1_2' title="bbox 140 515 1193 607; baseline 0.004 -31"><span class='ocrx_word' id='word_1_2' title='bbox 140 533 333 598; x_wconf 84' lang='lat' dir='ltr'><strong>programm.</strong></span> <span class='ocrx_word' id='word_1_3' title='bbox 361 515 432 584; x_wconf 80' lang='lat' dir='ltr'><strong>Poe.</strong></span> <span class='ocrx_word' id='word_1_4' title='bbox 457 524 550 587; x_wconf 83' lang='grc'><strong>1826.</strong></span> <span class='ocrx_word' id='word_1_5' title='bbox 571 544 603 607; x_wconf 87' lang='lat' dir='ltr'><strong>p.</strong></span> <span class='ocrx_word' id='word_1_6' title='bbox 628 523 767 607; x_wconf 57' lang='lat' dir='ltr'><strong>tzsqq.</strong></span> <span class='ocrx_word' id='word_1_7' title='bbox 818 518 886 603; x_wconf 82' lang='lat' dir='ltr'><strong>Qui</strong></span> <span class='ocrx_word' id='word_1_8' title='bbox 911 539 987 584; x_wconf 89' lang='lat' dir='ltr'><strong>curn</strong></span> <span class='ocrx_word' id='word_1_9' title='bbox 1011 537 1108 583; x_wconf 89' lang='lat' dir='ltr'><strong>versu</strong></span> <span class='ocrx_word' id='word_1_10' title='bbox 1137 520 1193 582; x_wconf 87' lang='grc'><strong>61.</strong></span> 
     </span>
    </p>

    <p class='ocr_par' dir='ltr' id='par_1_3' title="bbox 125 621 1196 812">
     <span class='ocr_line' id='line_1_3' title="bbox 125 621 1195 709; baseline 0.001 -30"><span class='ocrx_word' id='word_1_11' title='bbox 125 640 285 698; x_wconf 80' lang='lat' dir='ltr'><strong>magnum</strong></span> <span class='ocrx_word' id='word_1_12' title='bbox 305 643 380 703; x_wconf 82' lang='lat' dir='ltr'><strong>opus</strong></span> <span class='ocrx_word' id='word_1_13' title='bbox 400 621 568 708; x_wconf 78' lang='lat' dir='ltr'>perperam</span> <span class='ocrx_word' id='word_1_14' title='bbox 593 625 642 709; x_wconf 68' lang='lat' dir='ltr'><strong>de¹</strong></span> <span class='ocrx_word' id='word_1_15' title='bbox 659 625 778 688; x_wconf 90' lang='lat' dir='ltr'><strong>retium</strong></span> <span class='ocrx_word' id='word_1_16' title='bbox 806 645 844 688; x_wconf 89' lang='lat' dir='ltr'><strong>ac</strong></span> <span class='ocrx_word' id='word_1_17' title='bbox 870 622 1011 686; x_wconf 89' lang='lat' dir='ltr'><strong>linorum</strong></span> <span class='ocrx_word' id='word_1_18' title='bbox 1038 633 1195 705; x_wconf 88' lang='lat' dir='ltr'><strong>apparatu</strong></span> 
     </span>
     <span class='ocr_line' id='line_1_4' title="bbox 146 722 1196 812; baseline 0.001 -28"><span class='ocrx_word' id='word_1_19' title='bbox 146 722 318 806; x_wconf 83' lang='lat' dir='ltr'><strong>acciperet,</strong></span> <span class='ocrx_word' id='word_1_20' title='bbox 346 725 516 790; x_wconf 89' lang='lat' dir='ltr'><strong>ridiculum</strong></span> <span class='ocrx_word' id='word_1_21' title='bbox 539 727 683 812; x_wconf 87' lang='lat' dir='ltr'><strong>putabat,</strong></span> <span class='ocrx_word' id='word_1_22' title='bbox 704 728 791 811; x_wconf 89' lang='lat' dir='ltr'><strong>quod</strong></span> <span class='ocrx_word' id='word_1_23' title='bbox 812 726 1039 792; x_wconf 88' lang='lat' dir='ltr'><strong>Semideorum</strong></span> <span class='ocrx_word' id='word_1_24' title='bbox 1060 723 1196 785; x_wconf 90' lang='lat' dir='ltr'><strong>nomina</strong></span> 
     </span>
    </p>

    <p class='ocr_par' dir='ltr' id='par_1_4' title="bbox 80 825 1197 915">
     <span class='ocr_line' id='line_1_5' title="bbox 80 825 1197 915; baseline 0.002 -29"><span class='ocrx_word' id='word_1_25' title='bbox 80 825 82 829; x_wconf 70' lang='grc'>’</span> <span class='ocrx_word' id='word_1_26' title='bbox 149 829 254 903; x_wconf 84' lang='lat' dir='ltr'><strong>magni</strong></span> <span class='ocrx_word' id='word_1_27' title='bbox 272 830 304 888; x_wconf 83' lang='lat' dir='ltr'><strong>in</strong></span> <span class='ocrx_word' id='word_1_28' title='bbox 326 833 457 892; x_wconf 82' lang='lat' dir='ltr'><strong>cannabi</strong></span> <span class='ocrx_word' id='word_1_29' title='bbox 476 833 590 893; x_wconf 83' lang='lat' dir='ltr'><strong>alenda</strong></span> <span class='ocrx_word' id='word_1_30' title='bbox 609 835 810 915; x_wconf 76' lang='lat' dir='ltr'><strong>parendoque</strong></span> <span class='ocrx_word' id='word_1_31' title='bbox 825 833 940 906; x_wconf 79' lang='lat' dir='ltr'><strong>laboris</strong></span> <span class='ocrx_word' id='word_1_32' title='bbox 961 829 1101 911; x_wconf 72' lang='lat' dir='ltr'><strong>exempla</strong></span> <span class='ocrx_word' id='word_1_33' title='bbox 1120 845 1197 911; x_wconf 87' lang='lat' dir='ltr'><strong>pro-</strong></span> 
     </span>
    </p>

    <p class='ocr_par' dir='ltr' id='par_1_5' title="bbox 117 927 1243 1529">
     <span class='ocr_line' id='line_1_6' title="bbox 117 927 1196 1020; baseline 0.004 -32"><span class='ocrx_word' id='word_1_34' title='bbox 117 942 120 950; x_wconf 90' lang='lat'>·</span> <span class='ocrx_word' id='word_1_35' title='bbox 149 943 349 1011; x_wconf 79' lang='lat' dir='ltr'><strong>ponerentur.</strong></span> <span class='ocrx_word' id='word_1_36' title='bbox 398 931 485 1016; x_wconf 82' lang='lat' dir='ltr'><strong>Ergo</strong></span> <span class='ocrx_word' id='word_1_37' title='bbox 513 936 664 999; x_wconf 78' lang='lat' dir='ltr'><strong>audacter</strong></span> <span class='ocrx_word' id='word_1_38' title='bbox 691 936 881 1020; x_wconf 79' lang='lat' dir='ltr'><strong>transposuit</strong></span> <span class='ocrx_word' id='word_1_39' title='bbox 907 951 1014 994; x_wconf 88' lang='lat' dir='ltr'><strong>versus</strong></span> <span class='ocrx_word' id='word_1_40' title='bbox 1033 927 1196 994; x_wconf 76' lang='lat'><strong>61.-74.</strong></span> 
     </span>
     <span class='ocr_line' id='line_1_7' title="bbox 150 1033 1198 1121; baseline 0.002 -30"><span class='ocrx_word' id='word_1_41' title='bbox 150 1043 220 1114; x_wconf 91' lang='lat' dir='ltr'><strong>post</strong></span> <span class='ocrx_word' id='word_1_42' title='bbox 245 1052 372 1096; x_wconf 87' lang='lat' dir='ltr'><strong>versum</strong></span> <span class='ocrx_word' id='word_1_43' title='bbox 393 1035 447 1101; x_wconf 78' lang='lat'><strong>24.</strong></span> <span class='ocrx_word' id='word_1_44' title='bbox 491 1037 539 1103; x_wconf 79' lang='lat' dir='ltr'><strong>At</strong></span> <span class='ocrx_word' id='word_1_45' title='bbox 566 1040 653 1101; x_wconf 90' lang='lat' dir='ltr'><strong>enim</strong></span> <span class='ocrx_word' id='word_1_46' title='bbox 682 1059 758 1100; x_wconf 89' lang='lat' dir='ltr'><strong>vero</strong></span> <span class='ocrx_word' id='word_1_47' title='bbox 785 1037 873 1120; x_wconf 94' lang='lat' dir='ltr'><strong>quod</strong></span> <span class='ocrx_word' id='word_1_48' title='bbox 900 1033 1056 1121; x_wconf 89' lang='lat' dir='ltr'><strong>principio</strong></span> <span class='ocrx_word' id='word_1_49' title='bbox 1084 1033 1198 1099; x_wconf 83' lang='lat' dir='ltr'><strong>nititur</strong></span> 
     </span>
     <span class='ocr_line' id='line_1_8' title="bbox 150 1129 1243 1226; baseline 0.003 -33"><span class='ocrx_word' id='word_1_50' title='bbox 150 1129 245 1213; x_wconf 87' lang='lat' dir='ltr'><strong>falso,</strong></span> <span class='ocrx_word' id='word_1_51' title='bbox 273 1155 387 1200; x_wconf 88' lang='lat' dir='ltr'><strong>verum</strong></span> <span class='ocrx_word' id='word_1_52' title='bbox 406 1158 471 1203; x_wconf 88' lang='lat' dir='ltr'><strong>esse</strong></span> <span class='ocrx_word' id='word_1_53' title='bbox 493 1162 551 1226; x_wconf 90' lang='lat' dir='ltr'><strong>per</strong></span> <span class='ocrx_word' id='word_1_54' title='bbox 570 1162 604 1206; x_wconf 89' lang='lat' dir='ltr'><strong>se</strong></span> <span class='ocrx_word' id='word_1_55' title='bbox 626 1131 751 1225; x_wconf 51' lang='lat' dir='ltr'><strong>nequit.¹</strong></span> <span class='ocrx_word' id='word_1_56' title='bbox 788 1139 938 1222; x_wconf 84' lang='lat' dir='ltr'><strong>Namque</strong></span> <span class='ocrx_word' id='word_1_57' title='bbox 962 1160 1105 1216; x_wconf 78' lang='lat' dir='ltr'><strong>magnum</strong></span> <span class='ocrx_word' id='word_1_58' title='bbox 1124 1157 1197 1218; x_wconf 84' lang='lat' dir='ltr'><strong>opus</strong></span> <span class='ocrx_word' id='word_1_59' title='bbox 1240 1160 1243 1165; x_wconf 56' lang='lat'><strong><em>¹</em></strong></span> 
     </span>
     <span class='ocr_line' id='line_1_9' title="bbox 143 1231 1198 1322; baseline 0.003 -25"><span class='ocrx_word' id='word_1_60' title='bbox 143 1231 217 1298; x_wconf 80' lang='lat' dir='ltr'><strong>&#39;non</strong></span> <span class='ocrx_word' id='word_1_61' title='bbox 247 1238 290 1301; x_wconf 91' lang='lat' dir='ltr'><strong>ad</strong></span> <span class='ocrx_word' id='word_1_62' title='bbox 318 1246 415 1322; x_wconf 78' lang='lat' dir='ltr'><strong>retia,</strong></span> <span class='ocrx_word' id='word_1_63' title='bbox 452 1244 508 1306; x_wconf 90' lang='lat' dir='ltr'><strong>sed</strong></span> <span class='ocrx_word' id='word_1_64' title='bbox 539 1246 580 1308; x_wconf 90' lang='lat' dir='ltr'><strong>ad</strong></span> <span class='ocrx_word' id='word_1_65' title='bbox 609 1247 815 1309; x_wconf 89' lang='lat' dir='ltr'><strong>venationem</strong></span> <span class='ocrx_word' id='word_1_66' title='bbox 844 1241 978 1306; x_wconf 79' lang='lat' dir='ltr'><strong>refertur</strong></span> <span class='ocrx_word' id='word_1_67' title='bbox 1004 1239 1198 1303; x_wconf 86' lang='lat' dir='ltr'><strong>universam.</strong></span> 
     </span>
     <span class='ocr_line' id='line_1_10' title="bbox 152 1335 1199 1437; baseline 0.003 -36"><span class='ocrx_word' id='word_1_68' title='bbox 152 1335 221 1403; x_wconf 92' lang='lat' dir='ltr'><strong>Nec</strong></span> <span class='ocrx_word' id='word_1_69' title='bbox 239 1337 481 1437; x_wconf 75' lang='lat' dir='ltr'><strong>Wernsdorsrus</strong></span> <span class='ocrx_word' id='word_1_70' title='bbox 503 1347 638 1412; x_wconf 88' lang='lat' dir='ltr'><strong>debebat</strong></span> <span class='ocrx_word' id='word_1_71' title='bbox 659 1347 812 1410; x_wconf 88' lang='lat' dir='ltr'><strong>assentire</strong></span> <span class='ocrx_word' id='word_1_72' title='bbox 833 1346 1013 1425; x_wconf 87' lang='lat' dir='ltr'><strong>lohnsono,</strong></span> <span class='ocrx_word' id='word_1_73' title='bbox 1045 1339 1104 1428; x_wconf 89' lang='lat' dir='ltr'><strong>qui</strong></span> <span class='ocrx_word' id='word_1_74' title='bbox 1127 1340 1199 1404; x_wconf 92' lang='lat' dir='ltr'><strong>vul-</strong></span> 
     </span>
     <span class='ocr_line' id='line_1_11' title="bbox 151 1446 814 1529; baseline 0.017 -27"><span class='ocrx_word' id='word_1_75' title='bbox 151 1446 459 1529; x_wconf 82' lang='lat' dir='ltr'><strong>gatamscripturam</strong></span> <span class='ocrx_word' id='word_1_76' title='bbox 472 1451 518 1514; x_wconf 90' lang='lat' dir='ltr'><strong>sic</strong></span> <span class='ocrx_word' id='word_1_77' title='bbox 533 1451 621 1515; x_wconf 90' lang='lat' dir='ltr'><strong>iussit</strong></span> <span class='ocrx_word' id='word_1_78' title='bbox 635 1449 814 1514; x_wconf 88' lang='lat' dir='ltr'><strong>emendari:</strong></span> 
     </span>
    </p>
   </div>
   <div class='ocr_carea' id='block_1_3' title="bbox 255 1567 1025 1650">
    <p class='ocr_par' dir='ltr' id='par_1_6' title="bbox 255 1567 1025 1650">
     <span class='ocr_line' id='line_1_12' title="bbox 255 1567 1025 1650; baseline 0.003 -24"><span class='ocrx_word' id='word_1_79' title='bbox 255 1567 403 1639; x_wconf 82' lang='lat' dir='ltr'><strong>Semidci,</strong></span> <span class='ocrx_word' id='word_1_80' title='bbox 430 1571 543 1631; x_wconf 82' lang='lat' dir='ltr'><strong>coelum</strong></span> <span class='ocrx_word' id='word_1_81' title='bbox 566 1572 725 1650; x_wconf 72' lang='lat' dir='ltr'><strong>aggeribus</strong></span> <span class='ocrx_word' id='word_1_82' title='bbox 744 1582 864 1632; x_wconf 80' lang='lat' dir='ltr'><strong>tentare</strong></span> <span class='ocrx_word' id='word_1_83' title='bbox 883 1568 1025 1650; x_wconf 80' lang='lat' dir='ltr'><strong>superbis.</strong></span> 
     </span>
    </p>
   </div>
   <div class='ocr_carea' id='block_1_4' title="bbox 84 1683 1222 3231">
    <p class='ocr_par' dir='ltr' id='par_1_7' title="bbox 84 1683 1222 3231">
     <span class='ocr_line' id='line_1_13' title="bbox 156 1683 1202 1788; baseline 0.005 -29"><span class='ocrx_word' id='word_1_84' title='bbox 156 1692 226 1759; x_wconf 90' lang='lat' dir='ltr'><strong>Nos</strong></span> <span class='ocrx_word' id='word_1_85' title='bbox 247 1683 407 1781; x_wconf 81' lang='lat' dir='ltr'><strong>vulgatam</strong></span> <span class='ocrx_word' id='word_1_86' title='bbox 422 1714 550 1767; x_wconf 83' lang='lat' dir='ltr'><strong>tuemur</strong></span> <span class='ocrx_word' id='word_1_87' title='bbox 566 1725 658 1785; x_wconf 86' lang='lat' dir='ltr'><strong>eam,</strong></span> <span class='ocrx_word' id='word_1_88' title='bbox 679 1725 775 1788; x_wconf 88' lang='lat' dir='ltr'><strong>quam</strong></span> <span class='ocrx_word' id='word_1_89' title='bbox 792 1704 827 1766; x_wconf 95' lang='lat' dir='ltr'><strong>in</strong></span> <span class='ocrx_word' id='word_1_90' title='bbox 841 1716 928 1765; x_wconf 86' lang='lat' dir='ltr'><strong>textu</strong></span> <span class='ocrx_word' id='word_1_91' title='bbox 943 1695 1123 1763; x_wconf 80' lang='lat' dir='ltr'><strong>curavimus</strong></span> <span class='ocrx_word' id='word_1_92' title='bbox 1137 1700 1202 1764; x_wconf 91' lang='lat' dir='ltr'><strong>im·</strong></span> 
     </span>
     <span class='ocr_line' id='line_1_14' title="bbox 156 1799 1201 1892; baseline 0.008 -32"><span class='ocrx_word' id='word_1_93' title='bbox 156 1799 376 1884; x_wconf 88' lang='lat' dir='ltr'><strong>primendam‚</strong></span> <span class='ocrx_word' id='word_1_94' title='bbox 405 1804 669 1892; x_wconf 83' lang='lat' dir='ltr'><strong>defendimusque</strong></span> <span class='ocrx_word' id='word_1_95' title='bbox 692 1803 797 1873; x_wconf 89' lang='lat' dir='ltr'><strong>Gratii</strong></span> <span class='ocrx_word' id='word_1_96' title='bbox 816 1804 953 1868; x_wconf 89' lang='lat' dir='ltr'><strong>modum</strong></span> <span class='ocrx_word' id='word_1_97' title='bbox 975 1802 1126 1886; x_wconf 92' lang='lat' dir='ltr'><strong>loquendi</strong></span> <span class='ocrx_word' id='word_1_98' title='bbox 1146 1805 1201 1868; x_wconf 88' lang='lat' dir='ltr'><strong>du-</strong></span> 
     </span>
     <span class='ocr_line' id='line_1_15' title="bbox 96 1903 1206 2000; baseline 0.001 -32"><span class='ocrx_word' id='word_1_99' title='bbox 96 1914 98 1917; x_wconf 79' lang='grc'>’</span> <span class='ocrx_word' id='word_1_100' title='bbox 158 1903 449 2000; x_wconf 39' lang='grc' dir='ltr'>τίυεειιίυιη,,ᾳυί,</span> <span class='ocrx_word' id='word_1_101' title='bbox 479 1910 519 1974; x_wconf 87' lang='lat' dir='ltr'><strong>ad</strong></span> <span class='ocrx_word' id='word_1_102' title='bbox 543 1913 687 1995; x_wconf 89' lang='lat' dir='ltr'><strong>antiquas</strong></span> <span class='ocrx_word' id='word_1_103' title='bbox 711 1907 834 1972; x_wconf 83' lang='lat' dir='ltr'><strong>fabulas</strong></span> <span class='ocrx_word' id='word_1_104' title='bbox 856 1927 940 1991; x_wconf 91' lang='lat' dir='ltr'><strong>quae</strong></span> <span class='ocrx_word' id='word_1_105' title='bbox 961 1905 1139 1990; x_wconf 81' lang='lat' dir='ltr'><strong>pertinent,</strong></span> <span class='ocrx_word' id='word_1_106' title='bbox 1170 1926 1206 1971; x_wconf 90' lang='lat' dir='ltr'><strong>ea</strong></span> 
     </span>
     <span class='ocr_line' id='line_1_16' title="bbox 157 2001 1208 2099; baseline 0.002 -27"><span class='ocrx_word' id='word_1_107' title='bbox 157 2001 334 2099; x_wconf 83' lang='lat' dir='ltr'><strong>significare</strong></span> <span class='ocrx_word' id='word_1_108' title='bbox 355 2013 518 2095; x_wconf 81' lang='lat' dir='ltr'><strong>maluerit,</strong></span> <span class='ocrx_word' id='word_1_109' title='bbox 546 2037 644 2098; x_wconf 90' lang='lat' dir='ltr'><strong>quam</strong></span> <span class='ocrx_word' id='word_1_110' title='bbox 668 2025 811 2076; x_wconf 90' lang='lat' dir='ltr'><strong>accurate</strong></span> <span class='ocrx_word' id='word_1_111' title='bbox 833 2009 1063 2093; x_wconf 88' lang='lat' dir='ltr'><strong>usquequaque</strong></span> <span class='ocrx_word' id='word_1_112' title='bbox 1087 2008 1208 2074; x_wconf 86' lang='lat' dir='ltr'><strong>descri-</strong></span> 
     </span>
     <span class='ocr_line' id='line_1_17' title="bbox 160 2102 1209 2198; baseline 0.005 -25"><span class='ocrx_word' id='word_1_113' title='bbox 160 2102 235 2175; x_wconf 75' lang='lat' dir='ltr'><strong>ltere</strong></span> <span class='ocrx_word' id='word_1_114' title='bbox 258 2127 289 2178; x_wconf 88' lang='lat' dir='ltr'><strong>et</strong></span> <span class='ocrx_word' id='word_1_115' title='bbox 309 2115 488 2198; x_wconf 90' lang='lat' dir='ltr'><strong>explanare.</strong></span> <span class='ocrx_word' id='word_1_116' title='bbox 534 2118 618 2180; x_wconf 86' lang='lat' dir='ltr'><strong>Vere</strong></span> <span class='ocrx_word' id='word_1_117' title='bbox 643 2112 884 2180; x_wconf 88' lang='lat' dir='ltr'><strong>Wernsdorfius</strong></span> <span class='ocrx_word' id='word_1_118' title='bbox 906 2111 986 2174; x_wconf 90' lang='lat' dir='ltr'><strong>vidit</strong></span> <span class='ocrx_word' id='word_1_119' title='bbox 1009 2110 1156 2178; x_wconf 83' lang='lat' dir='ltr'><strong>Excursu</strong></span> <span class='ocrx_word' id='word_1_120' title='bbox 1175 2111 1209 2192; x_wconf 82' lang='lat' dir='ltr'><strong>l,</strong></span> 
     </span>
     <span class='ocr_line' id='line_1_18' title="bbox 162 2212 1206 2300; baseline 0.001 -23"><span class='ocrx_word' id='word_1_121' title='bbox 162 2216 328 2296; x_wconf 90' lang='lat' dir='ltr'><strong>usquead</strong></span> <span class='ocrx_word' id='word_1_122' title='bbox 351 2238 430 2283; x_wconf 81' lang='lat' dir='ltr'><strong>vers.</strong></span> <span class='ocrx_word' id='word_1_123' title='bbox 453 2218 505 2286; x_wconf 85' lang='lat'><strong>65.</strong></span> <span class='ocrx_word' id='word_1_124' title='bbox 532 2220 692 2287; x_wconf 88' lang='lat' dir='ltr'><strong>Orionem</strong></span> <span class='ocrx_word' id='word_1_125' title='bbox 713 2216 892 2300; x_wconf 86' lang='lat' dir='ltr'><strong>significari.</strong></span> <span class='ocrx_word' id='word_1_126' title='bbox 936 2212 1150 2299; x_wconf 87' lang='lat' dir='ltr'><strong>Quamquam</strong></span> <span class='ocrx_word' id='word_1_127' title='bbox 1173 2216 1206 2278; x_wconf 88' lang='lat' dir='ltr'><strong>in</strong></span> 
     </span>
     <span class='ocr_line' id='line_1_19' title="bbox 84 2317 1205 2404; baseline 0.001 -22"><span class='ocrx_word' id='word_1_128' title='bbox 84 2398 87 2404; x_wconf 24' lang='grc' dir='ltr'><strong><em>Ι</em></strong></span> <span class='ocrx_word' id='word_1_129' title='bbox 162 2319 317 2392; x_wconf 87' lang='lat' dir='ltr'><strong>sententia</strong></span> <span class='ocrx_word' id='word_1_130' title='bbox 334 2341 440 2385; x_wconf 87' lang='lat' dir='ltr'><strong>errare</strong></span> <span class='ocrx_word' id='word_1_131' title='bbox 460 2345 523 2386; x_wconf 92' lang='lat' dir='ltr'><strong>non</strong></span> <span class='ocrx_word' id='word_1_132' title='bbox 539 2325 741 2391; x_wconf 88' lang='lat' dir='ltr'><strong>mediocriter</strong></span> <span class='ocrx_word' id='word_1_133' title='bbox 757 2324 832 2386; x_wconf 90' lang='lat' dir='ltr'><strong>istos</strong></span> <span class='ocrx_word' id='word_1_134' title='bbox 851 2317 1010 2398; x_wconf 79' lang='lat' dir='ltr'><strong>intelligo,</strong></span> <span class='ocrx_word' id='word_1_135' title='bbox 1038 2319 1096 2400; x_wconf 91' lang='lat' dir='ltr'><strong>qui</strong></span> <span class='ocrx_word' id='word_1_136' title='bbox 1115 2339 1205 2383; x_wconf 83' lang='lat' dir='ltr'><strong>aucu-</strong></span> 
     </span>
     <span class='ocr_line' id='line_1_20' title="bbox 164 2421 1211 2497; baseline -0.004 -5"><span class='ocrx_word' id='word_1_137' title='bbox 164 2435 268 2492; x_wconf 59' lang='lat' dir='ltr'><strong>rfitam</strong></span> <span class='ocrx_word' id='word_1_138' title='bbox 292 2443 401 2488; x_wconf 90' lang='lat' dir='ltr'><strong>rerum</strong></span> <span class='ocrx_word' id='word_1_139' title='bbox 430 2427 650 2492; x_wconf 85' lang='lat' dir='ltr'><strong>historicarum</strong></span> <span class='ocrx_word' id='word_1_140' title='bbox 677 2424 930 2492; x_wconf 87' lang='lat' dir='ltr'><strong>convenientiam</strong></span> <span class='ocrx_word' id='word_1_141' title='bbox 955 2421 1211 2497; x_wconf 77' lang='lat' dir='ltr'><strong>desideraverint.</strong></span> 
     </span>
     <span class='ocr_line' id='line_1_21' title="bbox 167 2521 1213 2612; baseline 0.003 -26"><span class='ocrx_word' id='word_1_142' title='bbox 167 2521 222 2586; x_wconf 91' lang='lat' dir='ltr'><strong>Sic</strong></span> <span class='ocrx_word' id='word_1_143' title='bbox 237 2526 324 2588; x_wconf 91' lang='lat' dir='ltr'><strong>enim</strong></span> <span class='ocrx_word' id='word_1_144' title='bbox 346 2527 479 2592; x_wconf 86' lang='lat' dir='ltr'><strong>habeto:</strong></span> <span class='ocrx_word' id='word_1_145' title='bbox 507 2533 655 2610; x_wconf 85' lang='lat' dir='ltr'><strong>Magnum</strong></span> <span class='ocrx_word' id='word_1_146' title='bbox 676 2543 719 2592; x_wconf 80' lang='lat' dir='ltr'><strong>cst</strong></span> <span class='ocrx_word' id='word_1_147' title='bbox 735 2530 911 2612; x_wconf 79' lang='lat' dir='ltr'><strong>plenumque</strong></span> <span class='ocrx_word' id='word_1_148' title='bbox 933 2528 1047 2587; x_wconf 82' lang='lat' dir='ltr'><strong>laboris</strong></span> <span class='ocrx_word' id='word_1_149' title='bbox 1070 2547 1143 2608; x_wconf 80' lang='lat' dir='ltr'><strong>opus</strong></span> <span class='ocrx_word' id='word_1_150' title='bbox 1156 2549 1213 2589; x_wconf 82' lang='lat' dir='ltr'><strong>vc-</strong></span> 
     </span>
     <span class='ocr_line' id='line_1_22' title="bbox 167 2630 1212 2714; baseline 0.004 -27"><span class='ocrx_word' id='word_1_151' title='bbox 167 2630 310 2692; x_wconf 84' lang='lat' dir='ltr'><strong>naticum.</strong></span> <span class='ocrx_word' id='word_1_152' title='bbox 355 2633 463 2695; x_wconf 70' lang='lat' dir='ltr'><strong>nenne</strong></span> <span class='ocrx_word' id='word_1_153' title='bbox 483 2638 567 2699; x_wconf 85' lang='lat' dir='ltr'><strong>vides</strong></span> <span class='ocrx_word' id='word_1_154' title='bbox 582 2637 743 2707; x_wconf 77' lang='lat' dir='ltr'><strong>semideos,</strong></span> <span class='ocrx_word' id='word_1_155' title='bbox 771 2651 859 2714; x_wconf 84' lang='lat' dir='ltr'><strong>quam</strong></span> <span class='ocrx_word' id='word_1_156' title='bbox 874 2634 980 2701; x_wconf 75' lang='lat' dir='ltr'><strong>misera</strong></span> <span class='ocrx_word' id='word_1_157' title='bbox 998 2631 1159 2707; x_wconf 77' lang='lat' dir='ltr'><strong>cccr&#39;aleriqt</strong></span> <span class='ocrx_word' id='word_1_158' title='bbox 1181 2633 1212 2691; x_wconf 86' lang='lat' dir='ltr'><strong>in</strong></span> 
     </span>
     <span class='ocr_line' id='line_1_23' title="bbox 169 2730 1214 2815; baseline 0.002 -24"><span class='ocrx_word' id='word_1_159' title='bbox 169 2735 331 2795; x_wconf 80' lang='lat' dir='ltr'><strong>uenatione</strong></span> <span class='ocrx_word' id='word_1_160' title='bbox 358 2741 432 2798; x_wconf 87' lang='lat' dir='ltr'><strong>meis</strong></span> <span class='ocrx_word' id='word_1_161' title='bbox 460 2742 578 2802; x_wconf 83' lang='lat' dir='ltr'><strong>artibus</strong></span> <span class='ocrx_word' id='word_1_162' title='bbox 601 2741 732 2800; x_wconf 84' lang='lat' dir='ltr'><strong>nondum</strong></span> <span class='ocrx_word' id='word_1_163' title='bbox 759 2737 911 2798; x_wconf 85' lang='lat' dir='ltr'><strong>instituti?</strong></span> <span class='ocrx_word' id='word_1_164' title='bbox 954 2731 1020 2795; x_wconf 86' lang='lat' dir='ltr'><strong>Sed</strong></span> <span class='ocrx_word' id='word_1_165' title='bbox 1049 2732 1098 2796; x_wconf 81' lang='lat' dir='ltr'><strong>his</strong></span> <span class='ocrx_word' id='word_1_166' title='bbox 1123 2730 1214 2815; x_wconf 82' lang='lat' dir='ltr'><strong>quasi</strong></span> 
     </span>
     <span class='ocr_line' id='line_1_24' title="bbox 170 2835 1218 2918; baseline 0 -22"><span class='ocrx_word' id='word_1_167' title='bbox 170 2835 367 2918; x_wconf 85' lang='lat' dir='ltr'><strong>parenthesis</strong></span> <span class='ocrx_word' id='word_1_168' title='bbox 387 2837 455 2902; x_wconf 91' lang='lat' dir='ltr'><strong>loco</strong></span> <span class='ocrx_word' id='word_1_169' title='bbox 472 2842 635 2905; x_wconf 86' lang='lat' dir='ltr'><strong>interiecta</strong></span> <span class='ocrx_word' id='word_1_170' title='bbox 657 2854 730 2903; x_wconf 89' lang='lat' dir='ltr'><strong>sunt</strong></span> <span class='ocrx_word' id='word_1_171' title='bbox 752 2838 823 2902; x_wconf 82' lang='lat' dir='ltr'><strong>illa‘:</strong></span> <span class='ocrx_word' id='word_1_172' title='bbox 852 2839 900 2899; x_wconf 83' lang='lat' dir='ltr'><strong>illi</strong></span> <span class='ocrx_word' id='word_1_173' title='bbox 921 2839 1080 2914; x_wconf 80' lang='lat' dir='ltr'><strong>aggeribus</strong></span> <span class='ocrx_word' id='word_1_174' title='bbox 1098 2849 1218 2898; x_wconf 74' lang='lat' dir='ltr'><strong>tentare</strong></span> 
     </span>
     <span class='ocr_line' id='line_1_25' title="bbox 171 2938 1220 3027; baseline -0.001 -27"><span class='ocrx_word' id='word_1_175' title='bbox 171 2971 217 2985; x_wconf 93' lang='lat'><em>-</em></span> <span class='ocrx_word' id='word_1_176' title='bbox 234 2941 368 3004; x_wconf 83' lang='lat' dir='ltr'><strong>deorum.</strong></span> <span class='ocrx_word' id='word_1_177' title='bbox 414 2943 484 3007; x_wconf 90' lang='lat' dir='ltr'><strong>lam</strong></span> <span class='ocrx_word' id='word_1_178' title='bbox 500 2945 539 3006; x_wconf 91' lang='lat' dir='ltr'><strong>de</strong></span> <span class='ocrx_word' id='word_1_179' title='bbox 554 2943 700 3027; x_wconf 82' lang='lat' dir='ltr'><strong>singulis,</strong></span> <span class='ocrx_word' id='word_1_180' title='bbox 721 2956 876 3027; x_wconf 90' lang='lat' dir='ltr'><strong>quantum</strong></span> <span class='ocrx_word' id='word_1_181' title='bbox 893 2938 960 3003; x_wconf 85' lang='lat' dir='ltr'><strong>fieri</strong></span> <span class='ocrx_word' id='word_1_182' title='bbox 972 2959 1096 3022; x_wconf 90' lang='lat' dir='ltr'><strong>cunque</strong></span> <span class='ocrx_word' id='word_1_183' title='bbox 1108 2953 1220 3023; x_wconf 82' lang='lat' dir='ltr'><strong>potest,</strong></span> 
     </span>
     <span class='ocr_line' id='line_1_26' title="bbox 172 3032 1222 3131; baseline 0 -27"><span class='ocrx_word' id='word_1_184' title='bbox 172 3042 347 3110; x_wconf 89' lang='lat' dir='ltr'><strong>videamus.</strong></span> <span class='ocrx_word' id='word_1_185' title='bbox 390 3047 535 3113; x_wconf 86' lang='lat' dir='ltr'><strong>Heroum</strong></span> <span class='ocrx_word' id='word_1_186' title='bbox 563 3045 658 3131; x_wconf 86' lang='lat' dir='ltr'><strong>igitur</strong></span> <span class='ocrx_word' id='word_1_187' title='bbox 681 3044 938 3111; x_wconf 88' lang='lat' dir='ltr'><strong>semideorumve</strong></span> <span class='ocrx_word' id='word_1_188' title='bbox 960 3032 1222 3118; x_wconf 55' lang='lat' dir='ltr'><strong>aetatemivenass</strong></span> 
     </span>
     <span class='ocr_line' id='line_1_27' title="bbox 173 3144 1172 3231; baseline 0.001 -21"><span class='ocrx_word' id='word_1_189' title='bbox 173 3144 260 3210; x_wconf 83' lang='lat' dir='ltr'><strong>tione</strong></span> <span class='ocrx_word' id='word_1_190' title='bbox 276 3149 434 3231; x_wconf 85' lang='lat' dir='ltr'><strong>insignem</strong></span> <span class='ocrx_word' id='word_1_191' title='bbox 451 3149 544 3214; x_wconf 87' lang='lat' dir='ltr'><strong>luisse</strong></span> <span class='ocrx_word' id='word_1_192' title='bbox 558 3148 673 3213; x_wconf 85' lang='lat' dir='ltr'><strong>Rutilii</strong></span> <span class='ocrx_word' id='word_1_193' title='bbox 687 3163 805 3214; x_wconf 90' lang='lat' dir='ltr'><strong>constat</strong></span> <span class='ocrx_word' id='word_1_194' title='bbox 817 3147 1006 3210; x_wconf 84' lang='lat' dir='ltr'><strong>testimoniis</strong></span> <span class='ocrx_word' id='word_1_195' title='bbox 1023 3146 1063 3224; x_wconf 87' lang='lat'><strong>1.‚</strong></span> <span class='ocrx_word' id='word_1_196' title='bbox 1088 3144 1172 3211; x_wconf 84' lang='lat'>365:</span> 
     </span>
    </p>
   </div>
   <div class='ocr_carea' id='block_1_5' title="bbox 321 3281 1013 3470">
    <p class='ocr_par' dir='ltr' id='par_1_8' title="bbox 321 3281 1013 3470">
     <span class='ocr_line' id='line_1_28' title="bbox 321 3281 1013 3369; baseline -0.004 -24"><span class='ocrx_word' id='word_1_197' title='bbox 321 3286 432 3348; x_wconf 81' lang='lat' dir='ltr'><strong>Secula</strong></span> <span class='ocrx_word' id='word_1_198' title='bbox 452 3287 620 3347; x_wconf 83' lang='lat' dir='ltr'><strong>Semideum</strong></span> <span class='ocrx_word' id='word_1_199' title='bbox 636 3284 756 3369; x_wconf 75' lang='lat' dir='ltr'><strong>serrati</strong></span> <span class='ocrx_word' id='word_1_200' title='bbox 776 3286 876 3344; x_wconf 68' lang='lat' dir='ltr'><strong>nmcia</strong></span> <span class='ocrx_word' id='word_1_201' title='bbox 898 3281 1013 3346; x_wconf 84' lang='lat' dir='ltr'><strong>Martis</strong></span> 
     </span>
     <span class='ocr_line' id='line_1_29' title="bbox 324 3385 866 3470; baseline 0.002 -21"><span class='ocrx_word' id='word_1_202' title='bbox 324 3388 421 3451; x_wconf 81' lang='lat' dir='ltr'><strong>Ferro</strong></span> <span class='ocrx_word' id='word_1_203' title='bbox 442 3390 576 3452; x_wconf 80' lang='lat' dir='ltr'><strong>crudeles</strong></span> <span class='ocrx_word' id='word_1_204' title='bbox 593 3393 757 3451; x_wconf 76' lang='lat' dir='ltr'><strong>sustinuere</strong></span> <span class='ocrx_word' id='word_1_205' title='bbox 769 3385 866 3470; x_wconf 76' lang='lat' dir='ltr'><strong>saras.</strong></span> 
     </span>
    </p>
   </div>
   <div class='ocr_carea' id='block_1_6' title="bbox 68 3511 1235 4126">
    <p class='ocr_par' dir='ltr' id='par_1_9' title="bbox 68 3511 1235 4126">
     <span class='ocr_line' id='line_1_30' title="bbox 68 3511 1228 3605; baseline -0.01 -18"><span class='ocrx_word' id='word_1_206' title='bbox 68 3529 72 3534; x_wconf 83' lang='grc'><strong>’</strong></span> <span class='ocrx_word' id='word_1_207' title='bbox 178 3523 218 3586; x_wconf 92' lang='lat' dir='ltr'><strong>ln</strong></span> <span class='ocrx_word' id='word_1_208' title='bbox 235 3520 392 3587; x_wconf 86' lang='lat' dir='ltr'><strong>sententia</strong></span> <span class='ocrx_word' id='word_1_209' title='bbox 406 3521 460 3586; x_wconf 90' lang='lat' dir='ltr'><strong>illa</strong></span> <span class='ocrx_word' id='word_1_210' title='bbox 475 3527 519 3603; x_wconf 83' lang='lat' dir='ltr'><strong>(v.</strong></span> <span class='ocrx_word' id='word_1_211' title='bbox 534 3526 584 3588; x_wconf 83' lang='lat'><strong>63.</strong></span> <span class='ocrx_word' id='word_1_212' title='bbox 599 3520 665 3603; x_wconf 84' lang='lat'><strong>64.)</strong></span> <span class='ocrx_word' id='word_1_213' title='bbox 681 3520 899 3605; x_wconf 84' lang='lat' dir='ltr'><strong>exemplorum</strong></span> <span class='ocrx_word' id='word_1_214' title='bbox 914 3534 1025 3581; x_wconf 87' lang='lat' dir='ltr'><strong>caussa</strong></span> <span class='ocrx_word' id='word_1_215' title='bbox 1038 3511 1228 3595; x_wconf 81' lang='lat' dir='ltr'><strong>interposita</strong></span> 
     </span>
     <span class='ocr_line' id='line_1_31' title="bbox 180 3614 1228 3712; baseline -0.012 -23"><span class='ocrx_word' id='word_1_216' title='bbox 180 3624 340 3690; x_wconf 89' lang='lat' dir='ltr'><strong>Orionem</strong></span> <span class='ocrx_word' id='word_1_217' title='bbox 351 3625 539 3709; x_wconf 83' lang='lat' dir='ltr'><strong>significari,</strong></span> <span class='ocrx_word' id='word_1_218' title='bbox 561 3646 744 3712; x_wconf 89' lang='lat' dir='ltr'><strong>persuasum</strong></span> <span class='ocrx_word' id='word_1_219' title='bbox 756 3638 801 3688; x_wconf 90' lang='lat' dir='ltr'><strong>est</strong></span> <span class='ocrx_word' id='word_1_220' title='bbox 815 3621 914 3686; x_wconf 87' lang='lat' dir='ltr'><strong>nohis.</strong></span> <span class='ocrx_word' id='word_1_221' title='bbox 958 3617 1080 3701; x_wconf 79' lang='lat' dir='ltr'><strong>Quem,</strong></span> <span class='ocrx_word' id='word_1_222' title='bbox 1098 3614 1228 3699; x_wconf 85' lang='lat' dir='ltr'><strong>Neptu-</strong></span> 
     </span>
     <span class='ocr_line' id='line_1_32' title="bbox 182 3720 1231 3816; baseline -0.009 -24"><span class='ocrx_word' id='word_1_223' title='bbox 182 3729 217 3792; x_wconf 89' lang='lat' dir='ltr'><strong>ni</strong></span> <span class='ocrx_word' id='word_1_224' title='bbox 231 3726 334 3792; x_wconf 88' lang='lat' dir='ltr'><strong>filium</strong></span> <span class='ocrx_word' id='word_1_225' title='bbox 351 3743 381 3792; x_wconf 89' lang='lat' dir='ltr'><strong>et</strong></span> <span class='ocrx_word' id='word_1_226' title='bbox 401 3747 488 3795; x_wconf 89' lang='lat' dir='ltr'><strong>vasta</strong></span> <span class='ocrx_word' id='word_1_227' title='bbox 509 3730 646 3816; x_wconf 86' lang='lat' dir='ltr'><strong>corporis</strong></span> <span class='ocrx_word' id='word_1_228' title='bbox 666 3726 890 3811; x_wconf 81' lang='lat' dir='ltr'><strong>magnitudine</strong></span> <span class='ocrx_word' id='word_1_229' title='bbox 905 3720 1102 3807; x_wconf 83' lang='lat' dir='ltr'><strong>praeditum,</strong></span> <span class='ocrx_word' id='word_1_230' title='bbox 1122 3723 1231 3801; x_wconf 75' lang='grc' dir='ltr'><strong><em>θῆρας</em></strong></span> 
     </span>
     <span class='ocr_line' id='line_1_33' title="bbox 183 3821 1230 3918; baseline -0.015 -20"><span class='ocrx_word' id='word_1_231' title='bbox 183 3828 426 3917; x_wconf 54' lang='lat' dir='ltr'><strong>emortuam</strong></span> <span class='ocrx_word' id='word_1_232' title='bbox 448 3831 516 3899; x_wconf 74' lang='grc' dir='ltr'><strong>κατ’</strong></span> <span class='ocrx_word' id='word_1_233' title='bbox 537 3825 705 3918; x_wconf 73' lang='grc' dir='ltr'><em>ἀσφοδελὸν</em></span> <span class='ocrx_word' id='word_1_234' title='bbox 732 3835 863 3914; x_wconf 79' lang='grc' dir='ltr'><strong><em>λειμῶνα</em></strong></span> <span class='ocrx_word' id='word_1_235' title='bbox 890 3823 1039 3890; x_wconf 88' lang='lat' dir='ltr'><strong>describit</strong></span> <span class='ocrx_word' id='word_1_236' title='bbox 1062 3821 1230 3885; x_wconf 80' lang='lat' dir='ltr'><strong>Homerus</strong></span> 
     </span>
     <span class='ocr_line' id='line_1_34' title="bbox 184 3920 1234 4020; baseline -0.015 -18"><span class='ocrx_word' id='word_1_237' title='bbox 184 3936 252 4004; x_wconf 82' lang='lat' dir='ltr'><strong>od.</strong></span> <span class='ocrx_word' id='word_1_238' title='bbox 268 3939 304 4018; x_wconf 81' lang='grc' dir='ltr'><strong>λ’,</strong></span> <span class='ocrx_word' id='word_1_239' title='bbox 323 3958 352 4000; x_wconf 90' lang='lat' dir='ltr'><strong>v.</strong></span> <span class='ocrx_word' id='word_1_240' title='bbox 366 3936 441 4002; x_wconf 81' lang='lat'><em>573.</em></span> <span class='ocrx_word' id='word_1_241' title='bbox 482 3932 680 4020; x_wconf 86' lang='lat' dir='ltr'><strong>Comparare</strong></span> <span class='ocrx_word' id='word_1_242' title='bbox 694 3930 766 3998; x_wconf 93' lang='lat' dir='ltr'><strong>licet</strong></span> <span class='ocrx_word' id='word_1_243' title='bbox 780 3929 953 3996; x_wconf 86' lang='lat' dir='ltr'><strong>Horatium</strong></span> <span class='ocrx_word' id='word_1_244' title='bbox 966 3923 1074 3991; x_wconf 82' lang='lat' dir='ltr'><strong>Carm.</strong></span> <span class='ocrx_word' id='word_1_245' title='bbox 1089 3924 1166 4003; x_wconf 83' lang='lat' dir='ltr'><strong>lll.‚</strong></span> <span class='ocrx_word' id='word_1_246' title='bbox 1186 3920 1234 4003; x_wconf 82' lang='grc'><strong>4.,</strong></span> 
     </span>
     <span class='ocr_line' id='line_1_35' title="bbox 186 4028 1235 4126; baseline -0.013 -20"><span class='ocrx_word' id='word_1_247' title='bbox 186 4046 257 4126; x_wconf 84' lang='grc'><strong>71.,</strong></span> <span class='ocrx_word' id='word_1_248' title='bbox 279 4041 336 4106; x_wconf 87' lang='lat' dir='ltr'><strong>ubi</strong></span> <span class='ocrx_word' id='word_1_249' title='bbox 355 4063 431 4108; x_wconf 88' lang='lat' dir='ltr'><strong>cum</strong></span> <span class='ocrx_word' id='word_1_250' title='bbox 454 4045 591 4121; x_wconf 78' lang='lat' dir='ltr'><strong>integrae</strong></span> <span class='ocrx_word' id='word_1_251' title='bbox 604 4052 742 4106; x_wconf 77' lang='lat' dir='ltr'><strong>tentator</strong></span> <span class='ocrx_word' id='word_1_252' title='bbox 754 4039 879 4105; x_wconf 77' lang='lat' dir='ltr'><strong>Dianae</strong></span> <span class='ocrx_word' id='word_1_253' title='bbox 896 4030 1096 4118; x_wconf 70' lang='lat' dir='ltr'><strong>appellatur,¹</strong></span> <span class='ocrx_word' id='word_1_254' title='bbox 1110 4028 1235 4095; x_wconf 85' lang='lat' dir='ltr'><strong>adum·</strong></span> 
     </span>
    </p>
   </div>
   <div class='ocr_carea' id='block_1_7' title="bbox 0 0 1390 4928">
    <p class='ocr_par' dir='ltr' id='par_1_10' title="bbox 0 0 1390 4928">
     <span class='ocr_line' id='line_1_36' title="bbox 0 0 1390 4928; baseline 0 0"><span class='ocrx_word' id='word_1_255' title='bbox 0 0 1390 4928; x_wconf 95' lang='lat' dir='ltr'><strong> </strong></span> 
     </span>
    </p>
   </div>
  </div>
 </body>
</html>
