2686 4928
452 118 855 197 ··-'-·149-—>-

147 318 213 404 loa
226 322 269 411 τῇ
278 298 610 411 ¹Seruilii‘liperiaroo
631 323 756 408 τίμᾶται
769 319 861 411 νεώς,
883 328 935 390 uui
954 320 1019 391 ἔστι
1040 327 1197 413 περίβολα,

147 428 201 491 eol
221 424 341 517 δένδρα
358 416 447 510 leod,
472 428 523 489 uui
547 429 610 509 πῦρ
635 422 787 510 delirando
806 452 838 493 ce
864 430 915 494 καὶ
935 422 1114 515 ἀκοίμητον,
1140 429 1196 515 qui

147 528 234 591 loeus
249 526 364 611 aliqua
374 527 498 591 ratione
519 548 594 591 cum
615 525 727 594 Gratio
742 530 915 594 conveniat.
959 526 1007 591 Er
1029 530 1078 596 his
1097 533 1195 616 igitur

149 630 240 710 loeis,
273 626 385 694 Gratti
407 629 517 695 addita
537 629 762 715 descriptione,
797 632 946 698 Solinum
968 632 1194 717 polyhistorem

151 732 369 825 eamposuisse
389 754 446 797 sua
466 731 557 797 facile
577 733 719 798 adducor
741 750 775 800 ut
792 736 930 801 credam.
974 733 1041 820 Qui
1063 756 1130 820 cap.
1144 741 1193 805 6.:

148 838 186 899 Iu
203 838 275 899 lacu
286 836 507 915 Agrigentino,
528 836 649 920 inquit,
671 841 767 902 oleum
782 849 984 924 supernotat,·
1011 840 1068 901 loc
1080 846 1193 921 pingue

148 942 258 1004 tuere
274 938 461 1003 arundinum
482 945 575 1002 comis
597 943 636 1003 de
662 947 783 1007 assiduo
810 943 985 1021 volutabro,
1022 963 1039 1003 e
1065 965 1191 1026 warum

151 1042 377 1127 coptttmuts
398 1042 509 1120 legitur
529 1058 707 1122 unguentum
729 1051 878 1112 medicum
899 1058 1008 1108 contra
1030 1059 1192 1109 armenta-

156 1150 221 1209 rios
241 1146 367 1209 morbos.
410 1145 475 1208 Neo
494 1147 581 1224 longe
604 1150 674 1211 inde
693 1154 780 1216 collis
808 1153 982 1228 Vulcanius,
1011 1153 1042 1211 in
1063 1172 1119 1234 qua
1140 1155 1191 1234 qui

155 1253 277 1313 diuinae
295 1251 343 1311 rei
362 1259 547 1331 operantur,
574 1251 660 1327 ligna
676 1258 760 1318 vitea
778 1276 867 1336 super
887 1274 960 1315 aras
974 1263 1110 1327 struunt,
1136 1247 1189 1318 nee

151 1358 231 1435 iper's
246 1354 415 1442 apponitur
436 1355 467 1412 in
487 1353 564 1413 lanc
585 1363 772 1432 congeriem:
810 1382 877 1421 cum
902 1357 1053 1439 prosicias
1074 1359 1189 1420 intule-

145 1470 238 1539 runt,
264 1460 295 1519 si
313 1456 401 1519 adea
420 1455 508 1532 deus,
536 1458 563 1519 si
583 1479 702 1519 sacrum
724 1462 889 1542 probatur,
919 1468 1089 1529 sarmenta,
1118 1460 1188 1522 licet

144 1561 289 1641 uiridia,
308 1562 412 1641 sponte
424 1561 595 1638 concipiunt
613 1573 641 1621 et
655 1563 737 1623 nullo
751 1565 939 1644 inflagrante
952 1559 1049 1618 halitu
1062 1560 1101 1619 ab
1120 1564 1186 1641 ipsa

147 1666 275 1727 numine
282 1658 327 1745 fit
343 1661 523 1723 decendium.
568 1662 617 1722 Ili
638 1666 792 1747 epulantes
815 1664 928 1727 alludit
941 1663 1091 1744 flamma,
1111 1681 1187 1743 quae

137 1766 296 1853 flamensis
306 1750 458 1827 musitio
475 1764 672 1843 vagabunda,
694 1792 777 1852 quem
792 1754 969 1846 contigerit,
989 1787 1046 1828 non
1062 1765 1185 1828 adurit:

144 1892 204 1934 nec
219 1866 310 1931 allud
324 1878 381 1942 est,
401 1888 490 1949 quam
504 1871 603 1949 imago
618 1877 723 1932 nuntia
737 1871 867 1956 perfecti
885 1875 943 1931 rite
956 1873 1030 1932 vati.
1073 1864 1185 1951 ltaque

141 1970 328 2060 prodigium
341 1968 420 2032 illud
436 1984 592 2054 utcunque
606 1992 639 2034 se
653 1972 764 2051 babet,
786 1972 827 2036 ad
842 1972 979 2055 speciem
1001 1984 1102 2033 terrae
1122 1992 1185 2034 na-

142 2073 283 2143 turalem
299 2084 402 2136 totum
419 2087 465 2136 est
478 2071 686 2141 referendum.
730 2073 835 2140 Lacus
848 2088 913 2136 erat
928 2074 961 2135 in
973 2068 1082 2134 Sicilia
1097 2069 1184 2133 bitu-

147 2182 304 2257 minuas,
320 2172 529 2267 'Asphaltitae
552 2175 680 2252 similis,
711 2181 798 2243 cuius
820 2181 855 2241 in
876 2175 1052 2262 propinquo
1074 2172 1182 2254 ignem

149 2297 255 2368 sponte
275 2277 473 2364 concipiebat
493 2277 591 2343 tellus.
634 2280 764 2368 Quippe
782 2280 988 2346 vulcanorum
1009 2274 1105 2361 plena
1122 2271 1182 2339 luit

147 2387 265 2454 Sicilia.
312 2381 441 2449 Similia
459 2397 530 2449 sunt
544 2399 667 2464 autem,
688 2409 769 2470 quae
785 2386 824 2448 de
846 2382 964 2447 Gnatia
984 2380 1050 2445 sive
1069 2377 1181 2460 Egna-

142 2492 205 2571 tia,
225 2487 366 2575 Apuliae
379 2485 496 2569 oppido
510 2487 591 2549 inter
598 2484 731 2550 barium
745 2503 777 2552 et
788 2485 1020 2561 Brundusium,
1035 2501 1181 2547 comme·

140 2605 250 2663 morat
259 2584 411 2656 Horatius
427 2589 491 2654 Sat.
503 2587 545 2668 L,
567 2589 612 2668 6.,
636 2591 703 2652 97.:

477 2723 522 2739 -
543 2692 613 2753 dein
633 2690 746 2756 Gnatia
767 2691 895 2773 lymphis

252 2799 349 2861 Iratis
371 2807 508 2858 extructa
529 2797 614 2857 dedit
636 2801 765 2876 risusque
786 2797 936 2876 iocosque;

246 2904 330 2966 Dum
343 2899 479 2981 flamma
498 2905 575 2972 sine,
602 2911 675 2962 tura
692 2899 849 2984 liquescere
870 2896 973 2983 limine
991 2882 1084 2953 sacro'

180 3036 184 3041 ·
244 3005 436 3069 Persuadere
457 3007 604 3084 cupit-
889 2996 891 3000 ⁴

141 3124 333 3213 quibuscum
354 3120 495 3185 Plinium
515 3119 623 3184 conset·
644 3116 684 3182 N.
708 3115 748 3184 H.
773 3115 831 3196 lt,
854 3117 942 3178 107.:
969 3117 1000 3172 in
1022 3108 1176 3171 Salentino

142 3206 405 3314 oppiddEgnatia
420 3229 558 3309 imposito
572 3229 653 3305 ligno
669 3226 700 3283 in
713 3243 818 3283 saecum
832 3218 982 3300 quoddam
997 3214 1038 3272 ibi
1049 3226 1176 3289 sacrum,

142 3335 282 3416 protinus
300 3330 465 3410 flammam
489 3334 636 3395 exsistere.
661 3358 705 3374 -
748 3323 786 3385 ln
808 3318 964 3384 eiusmodi
983 3316 1077 3396 igitur
1103 3309 1178 3374 loeis

143 3433 276 3516 vestigia
292 3447 323 3496 et
337 3432 425 3515 quasi
439 3431 631 3495 incunabula
648 3423 881 3509 reperiebantur
901 3423 1031 3486 deorum
1050 3430 1080 3482 et
1093 3416 1178 3478 mira

139 3534 306 3622 ,quaedam
328 3533 363 3596 in
384 3534 436 3598 bis
460 3531 574 3599 Siculis
595 3532 655 3595 suit
676 3528 805 3612 relligio.
848 3525 936 3608 Quid
956 3522 1061 3588 lacum
1085 3538 1177 3582 com-

146 3658 367 3721 memoremus,
380 3653 507 3723 propter
524 3637 653 3702 Ennam
675 3630 788 3696 urbem
806 3631 957 3715 positum,
985 3649 1048 3710 qua
1064 3620 1175 3682 Ditem
1196 3660 1200 3665 -

147 3741 290 3806 ferebant
302 3739 465 3822 abreptam
477 3741 632 3823 virginem
646 3757 751 3801 secum
767 3746 936 3816 asportasse
946 3722 1176 3806 Proserpinam,

153 3846 204 3910 ubi
231 3843 271 3910 ad
294 3839 453 3911 Ciceronis
476 3867 572 3930 usque
594 3856 728 3910 aetatem
752 3838 842 3905 festos
867 3837 931 3902 dies
952 3824 1178 3900 ariniversarios
