2686 4928
467 336 814 419 *ala-·-

106 542 279 620 usmpstae
299 551 459 618 ooourru,
480 560 555 622 age,
579 543 677 607 missa
698 540 759 607 hac
779 541 960 607 ooniectura
979 541 1078 606 aliam
1099 563 1159 607 vo-

104 658 187 713 cem,
202 637 254 703 ilii
274 638 432 721 similem,
471 657 501 707 et
522 658 720 735 argumento·
732 642 905 712 nobilitatis
926 665 1026 731 aeque
1047 659 1157 732 aptam

101 741 333 825 substituamus
347 744 409 810 hoc
422 745 537 810 modo:

107 865 417 950 Stemmataque
429 878 459 929 ιι
470 868 593 948 palmas
605 879 739 929 numeret
753 888 801 945 gr
823 887 902 928 omn.
918 889 1056 931 ovorum.
1145 908 1148 913 ·
1201 876 1206 891 “

101 998 230 1085 Sint,
218 994 337 1093 tnrp'uit,
365 1024 476 1069 omnes
499 1006 574 1089 equi
594 1006 640 1070 tui
660 1027 678 1070 e
699 1003 900 1072 nobilissima
918 984 1151 1103 fortissimaque

100 1106 216 1193 stirpe,
242 1108 428 1193 praesertim
451 1102 695 1192 Cappadocum,
722 1107 799 1188 orti,
824 1108 859 1170 in
879 1131 942 1194 qua
963 1111 1031 1174 iam
1054 1094 1151 1176 multi

98 1204 222 1274 fuerint
241 1209 386 1295 palmam
407 1210 601 1277 fortitudinis
624 1209 764 1293 adepti.
783 1210 879 1294 Quae
903 1210 1012 1296 lectio,
1044 1226 1148 1315 quum

98 1327 133 1379 et
145 1313 282 1401 vestigiis
300 1316 470 1399 scripturae
488 1314 622 1379 vitiosae
630 1315 822 1399 ,ipsiusque
838 1330 949 1400 poetae
968 1314 1070 1381 meriti
1089 1337 1146 1380 ac·

97 1414 321 1496 commodata,
342 1432 373 1481 et
387 1437 403 1480 e
416 1416 573 1481 similibus
587 1417 725 1480 aliorum
740 1416 896 1500 sormuiis,
916 1416 1030 1503 quibus
1045 1438 1146 1504 aquo-

93 1540 170 1584 rum
186 1521 379 1613 generositas
392 1517 471 1583 solet
485 1521 639 1603 exprimi,
658 1520 757 1601 petita
772 1520 829 1600 sit,
851 1542 917 1586 ιιοιι
930 1520 1041 1602 video,
1062 1540 1146 1613 quae

95 1604 298 1715 bommodior
315 1622 498 1705 faciliorque
519 1618 702 1686 emendatio
723 1623 873 1707 reperiri,
903 1637 933 1688 et
955 1622 1031 1707 quid
1055 1623 1143 1688 aiiud

94 1747 116 1791 a
122 1740 227 1826 poeta
235 1726 300 1790 dici
315 1725 376 1789 hoc
391 1725 523 1813 quidem
538 1723 607 1799 loco
620 1724 768 1829 potuerit.
812 1722 889 1789 Non
902 1719 997 1809 igitur
1011 1748 1141 1812 possum

95 1830 163 1894 Iac.
184 1812 376 1933 Gothofredi
396 1824 640 1906 correctionem
664 1828 700 1889 in
714 1810 908 1892 commoriar.
927 1832 971 1894 o'd
981 1832 1085 1916 lagg„
1080 1826 1140 1895 eia
1184 1848 1189 1855 ’

42 1927 45 1932 ’
101 1947 132 1997 et
149 1934 194 2001 ad
204 1918 262 1997 u'et.
279 1936 360 1997 orbis
373 1936 516 2013 descript.
533 1929 709 2043 prolatam,
731 1931 822 1995 aliter
834 1953 933 2015 quam
950 1948 1093 1998 coactam
1108 1944 1142 1998 et

98 2050 273 2126 contortam
292 2036 488 2131 existimare,
510 2034 574 2118 qua'
591 2029 695 2118 putat,
709 2031 949 2103 aNemesiano
964 2036 1026 2100 hoo
1044 2053 1139 2100 versu

95 2148 220 2225 gregem
242 2139 334 2205 ilium
350 2152 515 2224 equorum
522 2136 699 2218 ιιιζιῐςιιιιί,Ι
724 2158 781 2220 qur
772 2137 961 2235 quondam
977 2138 1139 2229 Palmatii‚

90 2246 158 2309 riri
169 2245 206 2308 iu
226 2236 430 2329 Cappadocia
449 2238 565 2301 nobilis
578 2253 608 2303 et
622 2250 777 2322 equorum
797 2230 920 2320 divitis,
947 2256 1050 2308 aetate
1063 2242 1138 2307 Va-

87 2328 204 2413 ieriani
217 2345 444 2431 Imperatoris,
470 2334 597 2433 fuisset,
624 2340 682 2406 sed
696 2344 869 2428 proscripto
890 2364 928 2408 eo
944 2340 1136 2409 confiscatus

88 2470 119 2519 et
130 2450 221 2519 sac'ro
241 2448 366 2513 stabulo
381 2446 430 2510 vel
448 2444 556 2512 usibus
570 2446 805 2529 Imperatorum
822 2444 942 2512 dicatus
962 2449 1019 2526 sit,
1040 2460 1136 2530 atque

85 2556 163 2622 hiric
187 2558 288 2637 gregis
308 2554 502 2626 Palmatii,''
503 2572 641 2671 equorum
659 2542 883 2614 Ρὰὶιιιιιιίοιιιιιι
904 2548 955 2616 vel
976 2570 1135 2633 mororum

84 2662 220 2745 nomine
242 2655 422 2743 appellatus.
457 2652 546 2718 Tale
567 2634 698 2737 qdidiem
714 2669 839 2718 'nomen
863 2654 949 2738 'equis
969 2650 1134 2719 Caesareis

84 2766 120 2829 iu
143 2740 348 2853 Cappadocia
369 2755 478 2835 fuisse,
507 2776 545 2818 ex
564 2754 687 2837 legibus
705 2750 831 2819 Codicis
850 2754 972 2821 Theod.
994 2755 1133 2838 allegatis

85 2880 190 2955 patet,
209 2880 241 2929 et
256 2858 472 2928 Gothosredus
490 2870 657 2941 propterea
668 2848 708 2920 in
714 2852 786 2937 loco
800 2857 959 2921 Itinerarii
974 2856 1133 2923 Hierosoi

89 2969 150 3034 ubi
166 2954 239 3059 vilia
256 2964 404 3065 Pompule·
392 2959 604 3045 clegebatur',
630 2960 793 3024 Patmos·
803 2952 1055 3026 substituendum
1075 2978 1131 3023 ιι

27 3095 32 3104 ·
85 3070 236 3167 bruatur,
251 3058 336 3135 unde'
349 3063 537 3139 Nemesraor
549 3076 678 3128 versum
689 3082 736 3131 ιιι
747 3060 891 3147 refingit
976 3064 979 3069 '

169 3227 216 3251 ...-
233 3222 279 3245 ..ι
298 3221 345 3242 ···
364 3219 410 3239 ···
429 3178 574 3270 generosa
593 3174 735 3273 propago

136 3301 314 3389 Argaea,
339 3306 369 3357 ιι
380 3291 505 3376 palmae
516 3309 614 3395 appar
625 3311 701 3391 grex
722 3288 1005 3354 ιιοιιιιιιιιιιιιιιιιι

76 3432 246 3500 Nimirum
277 3427 453 3506 existimat,
482 3420 536 3487 hic
557 3445 680 3505 gregem
696 3445 817 3487 socrum
844 3420 875 3483 h.
896 3439 925 3482 e.
954 3432 1128 3507 sartorum,

76 3539 153 3605 vei
143 3531 428 3620 rmpmatoriorum
442 3546 614 3613 equorum,
634 3528 804 3611 palmos
771 3519 924 3587 ιιοιιιιιιιί.
933 3539 960 3586 e.
974 3500 1126 3595 Palmatii

77 3643 293 3722 designatum
300 3631 457 3726 indicari,
484 3643 517 3695 st
532 3627 676 3695 lectionis
694 3639 835 3697 mutatae
847 3621 1090 3692 firmamentum
1105 3636 1126 3683 e

71 3741 269 3811 (iiaudieoo
273 3737 354 3822 petit
364 3720 450 3805 laud
464 3731 576 3807 Seram
591 3733 678 3799 190⁶

68 3896 97 3907 ··
180 3862 194 3908 '·
295 3888 341 3911 ‹·-
359 3880 405 3907 -ι-
417 3883 471 3933 ···,
489 3853 618 3917 dilectus
637 3871 785 3936 equorum,

78 3974 134 4009 ·.r.
168 3964 251 4047 Quos
264 3963 417 4038 Phrygiae
431 3969 563 4030 matres,
579 3953 917 4039 Argaeopuogramina
929 3957 1057 4030 pastor
1107 4012 1111 4021 ,

63 4098 86 4115 ··
107 4078 154 4117 ···¹
165 4068 304 4133 aurias
314 4064 531 4146 Cappadocum
547 4063 645 4129 sacris
665 4059 868 4150 »quaesitus
876 4055 997 4151 attuit,
1053 4100 1082 4157 :-
