2686 4928
540 304 862 401 ...u-.-

165 522 224 584 qne
240 499 425 568 claritatem
439 503 585 588 proxime
600 507 840 575 antecedentem
855 508 908 576 aio
930 510 991 579 boc
1010 514 1145 582 verbum
1162 540 1217 586 re-

164 603 338 669 ferendum
359 626 435 672 esse.
477 604 570 672 Adeo
592 608 693 694 phua
714 625 760 676 est
773 627 887 696 poetae
908 621 1080 685 sententia:
1107 625 1216 686 humo·

164 731 224 773 rann
244 711 360 772 debent
378 714 481 772 vitare
501 716 599 787 reem,
627 728 737 778 contra
751 718 833 781 Solis
851 719 1026 785 utilissimus
1045 728 1143 788 ardor
1159 741 1213 790 est.

163 811 227 876 lloc
241 827 344 896 pacto
358 812 508 896 intelligis
521 836 619 899 quam
638 815 810 902 depravata
829 820 870 884 sit
890 820 1062 891 verborum
1082 829 1214 893 concin-

167 917 241 983 nius
261 915 423 981 lohnsoni
446 937 512 979 non
534 919 640 983 minus
661 922 857 987 coniectura:
893 925 988 986 imber
1011 934 1084 1010 erit,
1111 950 1213 1013 quam

163 1019 242 1086 trid
258 1017 392 1100 iacobi,
410 1020 469 1103 qui
489 1020 585 1085 etiam
600 1021 691 1106 peius
712 1027 901 1090 eorrexerit:
923 1027 1009 1090 clero
1032 1037 1212 1113 promiserit
1236 1072 1240 1080 ·

159 1136 227 1188 ona
246 1118 427 1204 imbriferos
445 1137 558 1188 ventos.
600 1123 739 1191 Hoccine
758 1127 798 1191 de
819 1126 975 1214 aquilonis
994 1145 1025 1196 et
1041 1128 1210 1200 Pleiadum

159 1225 350 1290 serenitate?
392 1223 480 1306 Ergo
497 1225 638 1292 imbrem
662 1244 842 1313 exspectare
864 1230 979 1298 debent
998 1233 1082 1314 lina,
1110 1255 1209 1319 quem

160 1346 256 1392 versu
270 1325 319 1392 54.
338 1327 442 1391 vitare
456 1328 653 1396 debuerunt?
697 1329 757 1395 Est
769 1348 877 1398 autem
896 1339 926 1397 si
944 1335 1100 1418 particula
1118 1338 1208 1422 cogi-

164 1434 279 1497 tatione
300 1428 456 1496 addenda
478 1446 551 1495 ante
575 1437 764 1516 imbiberint,
792 1436 833 1499 de
861 1457 926 1522 qua
945 1458 981 1501 re
1001 1437 1207 1507 Burmannus

157 1535 242 1600 iubet
274 1533 422 1601 conterre
459 1533 616 1600 Ovidium
645 1536 765 1601 ¹Amor.
794 1538 838 1617 1.,
870 1537 917 1620 4.,
947 1545 1001 1606 29.
1053 1540 1204 1627 Denique

152 1659 264 1704 versus
290 1641 346 1703 60.
372 1636 509 1718 alterum
542 1638 767 1704 hemistichion
798 1641 894 1726 plane
925 1643 1064 1727 corrupit
1080 1643 1203 1714 Utilius

148 1741 326 1807 scribendo
344 1774 387 1792 -
405 1753 494 1803 tanto
515 1744 681 1827 despondet
699 1745 817 1820 lougius
830 1766 908 1816 usu,
928 1745 951 1809 i.
966 1764 994 1808 e.
1007 1748 1102 1808 linum
1120 1750 1201 1809 votis

149 1848 282 1909 retiarii
302 1864 362 1906 non
385 1847 558 1929 respondet,
593 1853 621 1911 si
646 1849 798 1914 humorem
825 1847 983 1908 imbiberit.
1025 1843 1116 1910 Nam
1139 1867 1201 1912 nec

152 1949 281 2012 usitata
299 1965 361 2006 vox
378 1946 428 2011 est³
435 1950 620 2028 despondere
640 1948 702 2013 hac
720 1946 966 2031 significatione,
995 1967 1055 2014 nec
1075 1948 1116 2011 de
1130 1948 1199 2015 im·

152 2049 270 2114 hribus
288 2046 535 2115 estttmbibendis
555 2051 769 2136 cogitandum.
814 2052 950 2138 Optime
964 2051 1006 2121 ad
1018 2052 1197 2119 editionum

148 2169 298 2220 veterum
316 2155 501 2238 scripturam
521 2157 565 2220 sic
580 2159 740 2220 constituit
753 2176 879 2220 versum
893 2154 1151 2222 Wernsdorfius:

251 2291 446 2373 Imbiberint,
475 2303 562 2355 tanto
584 2291 744 2373 respondet
764 2289 885 2367 longior
905 2312 982 2352 usus.

196 2426 297 2492 Trunlt
316 2447 353 2490 er
373 2446 486 2509 genug,
519 2449 567 2490 um
589 2445 622 2489 su
645 2425 728 2488 mehr
747 2426 827 2485 wird
850 2444 884 2485 er
901 2423 1012 2501 langen
1037 2423 1191 2486 Gedrouob

769 2531 821 2595 dir
841 2529 1016 2594 certeissen.

147 2635 254 2700 doctus
265 2633 390 2698 amicus
404 2635 498 2697 vertit
514 2633 703 2717 germanice.

247 2813 281 2853 v.
296 2787 463 2853 60.—74.
506 2790 596 2866 lam,
618 2807 700 2870 quae
721 2787 761 2850 de
783 2787 1011 2870 compositione
1032 2799 1064 2849 et
1084 2804 1187 2869 appa·

143 2910 217 2958 ratu
236 2914 346 2957 rerum
367 2891 537 2956 humilium
559 2891 680 2953 dixerat
700 2904 809 2974 poeta,
843 2911 882 2952 ea
903 2910 988 2950 nunc
1013 2909 1105 2950 more
1130 2907 1186 2949 suo

145 2999 190 3062 ad
204 2994 443 3080 magnificorum
458 2993 677 3077 exemplorum
693 2993 850 3056 rationem
866 3008 897 3056 et
910 2989 1088 3071 imaginem
1107 3007 1186 3047 eon-

140 3101 269 3166 iormat.
314 3099 458 3162 Semidei
473 3098 568 3178 igitur
585 3119 660 3159 cum
680 3095 828 3160 heroibus
849 3110 879 3158 et
897 3092 1026 3156 laudem
1047 3111 1065 3155 e
1084 3106 1185 3151 vena-

138 3207 228 3269 tione
254 3205 465 3287 impetrarunt
492 3199 729 3277 immortalem,
769 3212 799 3262 et
829 3199 897 3262 sine
925 3208 991 3261 arte
1018 3193 1074 3257 illa
1101 3187 1185 3255 nihil

140 3323 336 3392 magnopere
362 3301 541 3368 effecerunt.
586 3301 638 3365 De
667 3300 783 3385 quibus
811 3321 912 3386 quum
937 3313 985 3364 sat
1011 3294 1184 3361 verborum

140 3427 214 3475 ante
229 3407 488 3472 Wemsdorfium
503 3404 597 3470 multi
611 3403 766 3483 facerent,
793 3405 828 3466 in
848 3404 907 3467 hoc
926 3418 1036 3467 tamen
1050 3398 1184 3483 acquie-

140 3527 271 3590 verunt,
305 3525 339 3572 ut
365 3510 463 3573 verba
491 3509 638 3575 iacerent.
682 3507 775 3572 Ordo
798 3509 1027 3572 sententiarum
1047 3503 1102 3566 hic
1122 3515 1182 3566 est:

140 3616 298 3698 Magnum
312 3625 342 3676 et
356 3613 493 3675 arduum
507 3633 585 3697 opus
601 3626 647 3675 est
664 3611 812 3676 universa
828 3611 975 3685 venatio;
999 3628 1099 3691 quam
1112 3602 1182 3668 sine

139 3717 279 3804 periculo
295 3736 392 3780 nemo
413 3715 561 3797 attingat,
586 3715 647 3778 nisi
667 3735 742 3778 cura
762 3728 792 3777 et
807 3712 936 3777 oonsilio
952 3712 1020 3775 eius
1042 3705 1181 3773 difficul-

140 3837 218 3887 tates
239 3840 388 3905 superare
409 3818 564 3881 didicerit.
605 3816 676 3881 Hoc
697 3817 842 3901 deinceps
863 3817 1002 3882 declarat
1022 3807 1181 3878 vetustatis

142 3923 302 4008 exemplis.
312 3921 538 4006 (Wernsd.).
554 3919 619 3984 Sed
633 3916 834 3985 conturbatur
847 3922 906 3985 ista
914 3919 1084 3984 verborum
1098 3911 1179 3974 ratio
1205 3941 1207 3945 ·

141 4029 194 4108 iis,
214 4048 298 4114 quae
314 4029 457 4112 quinque
472 4023 588 4090 abhinc
608 4025 698 4088 annis
711 4021 778 4090 inse
792 4023 963 4110 disputavit
975 4019 1061 4087 Frid.
1075 4013 1177 4082 Iacob.
1283 4015 1285 4020 ’
