2686 4928
470 322 928 418 '--2ro--

334 569 363 609 v.
388 548 443 613 13:
483 546 641 612 Perdicsm
668 543 849 629 intelligit‚·
866 545 956 609 cuius
984 562 1096 608 vocem
1132 549 1285 609 cacabum

230 651 329 715 verbo
343 647 493 732 expressit
506 662 615 721 auctor
629 648 782 712 carminis
798 645 928 711 Anthol.
941 647 1051 710 Burm.
1065 645 1118 710 lib.
1127 646 1186 727 V.‚
1203 650 1286 728 148„

183 822 186 827 ¹
231 776 261 819 ν.
278 755 328 819 15.
345 766 375 814 et
392 749 482 829 144„
503 773 532 817 r.
550 757 598 817 12.
643 750 835 834 Κακαβάζειν
852 775 874 815 s.
891 751 1062 834 κακαβίζειν
1085 749 1183 814 habet
1205 751 1286 816 Pol-

232 857 285 921 lux
302 855 359 934 V„
381 859 431 921 18.
475 852 632 917 Similiter
651 853 810 917 Ausonius
827 853 963 927 Mosella
984 875 1011 920 r.
1027 857 1099 918 88.:
1119 862 1286 937 purpureis

232 961 624 1036 stallmestergoragutris.
668 950 901 1022 Etlt‘umtdicas
915 957 1287 1040 gurtarasManiaMll„

233 1063 374 1140 68.,15.
418 1061 481 1125 Pro
503 1075 609 1138 guttas
633 1061 708 1125 citat
730 1057 826 1127 Geso.
848 1074 955 1135 notos,
992 1080 1091 1143 quam
1114 1062 1288 1145 prosodiae

233 1166 447 1232 mutationem
462 1164 576 1250 probat
591 1162 745 1229 Wernsd.

336 1358 365 1400 v.
380 1337 431 1402 15.
474 1334 664 1404 Palamedes
677 1337 878 1421 quarundam
894 1333 1070 1398 litterarum
1086 1355 1106 1396 a
1120 1354 1155 1399 se
1168 1335 1286 1399 inven-

233 1457 342 1506 tarum
356 1438 474 1522 figuras
498 1460 517 1503 a
538 1463 653 1524 gruum
674 1441 781 1505 volatu
800 1439 849 1504 vel
867 1438 971 1502 sonna
991 1436 1139 1508 didicisse
1161 1439 1286 1503 dieitur.

206 1550 220 1603 ⁸.
234 1543 320 1607 Hinc
341 1547 478 1607 volucres
488 1545 615 1629 figur-os
635 1545 666 1608 h.
687 1544 706 1609 l.
728 1560 802 1609 sunt
822 1543 948 1606 litterae
974 1538 1128 1628 volueris,
1156 1541 1178 1606 i.
1201 1545 1286 1627 gruis

235 1646 380 1711 formam
407 1662 438 1711 et
459 1647 602 1712 volatum
627 1647 809 1712 referentes.
859 1645 915 1710 sic
934 1650 1018 1724 gruis
1039 1641 1176 1727 effigiem
1195 1662 1284 1710 vocat

234 1749 373 1815 litteram
392 1776 415 1834 φ
434 1749 596 1818 Ausonius
609 1751 699 1841 ldyll.
712 1749 786 1816 Xll.
828 1748 904 1814 vid.
922 1747 1018 1812 etiam
1031 1745 1278 1826 Marriatxltt„

234 1852 302 1940 75]
322 1853 512 1919 Wernsd.
639 1854 641 1859 ’

340 2032 370 2075 ν.
395 2010 446 2074 17.
492 2011 579 2072 Circo
603 2013 709 2072 ovanti
729 2006 893 2070 verissime
915 2006 1097 2072 emendavit
1119 2007 1289 2070 Burman·

237 2133 313 2189 nus,
335 2111 567 2196 explicavitque
586 2132 655 2174 rem
675 2108 936 2174 Wernsdorfius:
956 2105 1107 2175 Consules
1131 2125 1161 2173 et
1183 2110 1291 2173 Prae-

237 2228 320 2278 tores
339 2216 560 2298 magistratum
576 2214 719 2279 ineuntes
734 2212 824 2278 ludos
843 2215 876 2275 in
896 2209 988 2276 Circo
1007 2229 1034 2278 et
1051 2212 1180 2296 epulum
1205 2213 1289 2276 dare

237 2315 332 2382 soliti.
375 2318 410 2381 id
431 2317 515 2404 quod
541 2333 650 2405 postea
671 2319 730 2381 sub
755 2315 1001 2402 imperatoribus
1022 2316 1177 2381 usitatum.
1224 2314 1286 2378 cfr.

238 2418 365 2506 Vopise.
376 2419 482 2486 Aurei.
498 2443 524 2486 e.
540 2425 607 2498 ta,
630 2423 683 2483 eui
694 2419 848 2486 Wernsd.
863 2419 987 2484 addidit
1003 2417 1214 2486 Cod.'l'heod.
1227 2417 1291 2486 lib.

238 2522 312 2603 Vl,
325 2526 370 2588 tit.
386 2528 426 2587 ἄν’
437 2539 573 2608 praetor.
583 2539 612 2589 et
622 2522 834 2587 Sueton.Ner.
845 2546 869 2588 c.
879 2525 1175 2590 lle-Marotiani.
1191 2519 1291 2587 Gesn.

239 2628 293 2692 cit.
313 2628 496 2691 Moronor'm.
537 2625 616 2689 Erat
634 2629 846 2690 Moronomum
870 2649 991 2711 magna
1013 2626 1161 2705 scutella,
1193 2645 1230 2692 ut
1250 2630 1292 2690 ait

237 2728 421 2794 scholiastes
443 2730 484 2794 ad
500 2728 608 2794 Horat.
630 2729 695 2799 Sat.
719 2729 777 2810 ll„
800 2734 848 2814 8.‚
872 2735 939 2796 86.:
967 2731 1075 2792 deinde
1096 2737 1198 2793 secuti
1216 2731 1287 2795 Ma-

239 2855 360 2900 tonomo
396 2839 486 2916 pueri
523 2857 632 2913 magno
668 2832 824 2916 discerpta
856 2834 986 2929 sareptis
1021 2834 1167 2896 Membra
1200 2837 1282 2912 gruis.

239 2936 347 3003 Potest
364 2957 422 2998 vox
439 2959 458 2998 a
478 2939 559 3021 μάζα
576 2953 606 3000 et
620 2928 701 3024 νέμω
724 2938 844 3002 deduci.
890 2935 1178 3022 apponebaturque
1197 2938 1232 2998 in
1251 2954 1285 2996 en

241 3061 361 3124 magna
377 3041 472 3106 simul
495 3062 638 3104 escarum
661 3039 716 3102 vis.
761 3038 834 3102 Non
858 3039 914 3104 abs
933 3060 968 3103 re
989 3042 1064 3122 erit,
1087 3039 1184 3123 plura
1206 3041 1289 3104 eius-

244 3141 320 3204 dem
345 3145 469 3227 generis
492 3143 650 3205 addidisse
679 3164 716 3206 ex
749 3159 902 3226 apparatu
927 3138 1067 3206 veterum
1099 3143 1284 3207 coenatorio.

244 3240 547 3309 Commemorantur
575 3247 671 3328 igitur
697 3252 840 3330 potinus,
879 3247 992 3329 quibus
1022 3260 1051 3307 et
1082 3245 1191 3311 ferculi
1218 3245 1288 3308 vice

131 3416 136 3424 ‚
244 3346 413 3412 utebantur
426 3350 548 3429 (Horat.
563 3349 629 3412 Sat.
645 3349 700 3428 ll„
722 3356 770 3427 8.,
791 3352 856 3428 42.)
879 3364 908 3411 et
930 3350 972 3413 ad
994 3351 1178 3432 coquendos
1197 3349 1291 3426 eibos,

242 3467 278 3516 ut
301 3452 425 3516 Plinius
454 3455 508 3519 ait.
557 3453 642 3518 Hinc
668 3457 851 3536 tripotiuum
881 3453 1030 3536 pertinuit
1058 3453 1100 3514 ad
1125 3475 1290 3518 summam

244 3575 414 3619 coenarum
437 3555 604 3622 lautitiam.
647 3556 729 3622 Plin.
753 3554 793 3618 N.
816 3554 856 3616 H.
878 3555 1034 3634 XXXV.²
1058 3562 1109 3622 12.
1156 3559 1293 3622 Patellos

247 3672 338 3720 erant
357 3660 499 3727 minores
517 3661 697 3745 apponique
718 3658 906 3742 plerumque
922 3659 955 3721 in
972 3659 1032 3721 illis
1050 3658 1138 3722 olera
1159 3681 1290 3725 consue·

243 3775 367 3825 verunt.
411 3762 519 3827 Horat.
540 3761 642 3847 Epist.
663 3761 703 3839 l.,
732 3764 764 3825 5.
790 3787 821 3828 v.
839 3769 878 3830 ·2.
930 3762 1071 3826 luvenal.
1095 3762 1235 3844 sar-31„
1256 3762 1293 3841 5„

244 3867 296 3932 85.
339 3866 452 3931 Pollux
475 3866 554 3930 VL:
588 3858 643 3940 mie
676 3869 710 3930 δὲ
737 3868 926 3951 καλουμένας
954 3867 1107 3943 novellae
1133 3871 1293 3941 λεκανίδας

242 3966 441 4054 ὅνομαστέον.
491 3966 579 4032 Tum
617 3969 698 4032 vasis
731 3971 858 4035 escariis
894 3985 1149 4034 annumerantur
1185 3972 1292 4049 lances,

245 4080 369 4153 πίνακες
387 4099 408 4144 a
422 4071 555 4142 Graecis
571 4071 677 4139 dictae
690 4071 924 4141 ab-Athenaeo¹
935 4072 990 4140 tn.
1005 4073 1063 4141 tv.
1107 4073 1179 4139 Eae
1199 4076 1295 4159 igitur
