2686 4928
242 554 271 596 v.
288 525 340 594 57.
384 526 504 594 Vetant
519 529 659 594 linorum
672 547 812 594 messem
824 522 952 609 aggredi
966 521 1062 609 prius,
1084 543 1186 607 quam

139 647 267 700 matura
293 647 324 697 et
349 631 472 697 fervida
500 647 600 698 aestas
624 633 746 697 venerit
774 644 806 694 et
825 630 936 693 messis
956 627 1187 693 frumentariae

139 753 284 821 tempus,
311 735 398 821 quod
412 751 496 800 ortus
509 735 676 800 Pleiadum
692 734 842 815 designat.
864 732 939 795 Vid.
953 730 1079 797 Hesiod.
1098 729 1185 815 Opp.

141 844 213 906 883.
234 840 332 907 Ovid.
349 835 432 902 Fast.
448 838 505 918 V.,
526 838 615 922 599]
636 835 818 902 Wsdorf.
860 834 1004 898 Pleiadas
1020 835 1118 898 verbo
1137 847 1187 896 at-

141 945 303 1026 tingimus.
354 940 419 1006 Eas
446 940 569 1005 Plinius
599 941 689 1004 docet
715 939 757 1004 N.
782 939 822 1003 H.
850 937 990 1016 XVIII,
1018 936 1072 1002 25.
1100 958 1187 1004 sere·

142 1068 220 1111 nam
248 1058 398 1110 aestatem
425 1046 586 1107 nunciare.
636 1042 758 1106 Earum
785 1042 883 1124 igitur
912 1055 984 1104 ortu
1011 1053 1042 1103 et
1075 1061 1186 1106 occasu

144 1169 242 1234 opera
261 1149 374 1212 rustica
396 1146 604 1226 definiebant,
638 1160 672 1210 ut
694 1146 785 1236 apud·
800 1142 977 1208 Hesiodum
1001 1142 1089 1228 Opp.
1115 1145 1186 1208 888.

143 1249 195 1315 De
204 1273 347 1334 'quarum
366 1264 436 1314 ortu
451 1249 523 1314 vide
542 1263 572 1312 et
592 1269 741 1333 compara
753 1248 934 1313 Varronem
952 1246 993 1324 l.,
1011 1251 1063 1313 28.
1088 1242 1212 1309 Colo-2

142 1353 220 1420 mel.
245 1354 320 1432 XL,
345 1351 396 1418 14.
430 1350 596 1416 Petavium
620 1352 714 1415 Varr.
737 1351 866 1416 Dissert.
894 1348 948 1415 lib.
978 1349 1018 1414 ll.
1051 1370 1121 1434 cap.
1150 1352 1187 1430 9,

143 1477 224 1540 quos
246 1454 339 1520 affert
360 1449 480 1536 Gierig.
501 1456 541 1519 ad
565 1453 661 1523 Ovid.
683 1454 767 1519 Fast.
780 1453 836 1535 V.,
867 1452 1078 1517 ten-602.
1124 1449 1187 1519 cfr.

144 1571 310 1643 praeterea
332 1556 481 1621 Vossium
508 1558 549 1622 ad
577 1557 660 1641 Virg.
683 1554 802 1639 Georg.
822 1558 868 1636 1.,
899 1560 968 1621 138.
1012 1556 1186 1621 Neminem

146 1676 256 1725 autem
274 1661 448 1738 inveneris,
477 1662 527 1722 cui
548 1661 709 1746 displiceat
732 1657 826 1726 Ulitii
846 1659 994 1722 correctio
1015 1663 1185 1724 accenderit

146 1781 274 1838 annum,
293 1763 396 1847 'quod
418 1763 586 1847 probatum
609 1766 705 1828 etiam
728 1761 889 1845 Scaligero
912 1776 972 1839 est,
1004 1760 1140 1826 Heinsio
1161 1778 1187 1830 et
1219 1798 1222 1803 ·

147 1863 288 1933 Graevio
313 1864 389 1952 Syll.
410 1886 479 1948 epp.
497 1868 555 1933 IV.
579 1892 608 1951 p.
631 1868 704 1933 284.
747 1867 840 1932 Olim
860 1866 1018 1948 legebatur
1037 1870 1188 1932 annucio

146 1965 338 2055 Gryphiana
346 1983 376 2031 et
383 1968 674 2047 Parisiensi3annos
687 1973 873 2034 invenerunt
889 1969 935 2030 illi
949 1968 981 2029 in
990 1966 1063 2033 MS.
1087 1967 1189 2035 Simi-

145 2072 217 2135 liter
235 2067 401 2135 Claudian.
423 2070 462 2134 de
484 2093 566 2138 cons.
591 2072 679 2137 lllall.
695 2074 756 2138 Th.
777 2095 806 2136 v.
829 2077 880 2137 79.
904 2073 944 2137 de
964 2070 1046 2138 sole:
1079 2096 1188 2140 aecen-

145 2177 247 2258 diique
267 2176 356 2236 diem.

251 2328 355 2394 Versu
376 2329 491 2395 deinde
514 2328 566 2394 59.
589 2330 719 2414 vestigia
743 2344 892 2414 sequutus
912 2327 985 2391 MS.
1008 2328 1094 2398 Thu.
1116 2358 1184 2418 pro·

148 2436 292 2513 missorii,
329 2433 482 2515 quoniam
506 2432 666 2516 displicet,
701 2433 785 2515 quod
808 2436 842 2496 in
866 2447 986 2496 textum
1016 2437 1110 2499 tacite
1138 2433 1202 2501 in?

149 2535 238 2597 duxit
254 2534 456 2597 Burmannus
470 2557 501 2596 se
517 2541 719 2616 prompserit,
749 2536 904 2618 scripsisse
918 2535 1012 2599 credo
1028 2534 1190 2606 Gratiam:

150 2639 250 2700 claros
270 2643 445 2717 promiserit
468 2651 567 2712 orius,
598 2640 618 2705 i.
636 2659 661 2702 e.
677 2662 811 2701 serenum
828 2642 908 2700 Solis
926 2646 1112 2704 nunciaverit
1132 2666 1188 2706 or-

131 2729 222 2802 tum.
267 2735 417 2803 Ceterum
437 2745 625 2806 sententiam
646 2740 743 2806 habes
763 2741 961 2806 simillimam
982 2745 1068 2828 apud
1080 2743 1188 2831 Vrrgt

148 2841 232 2907 lium
255 2837 432 2926 Georg..‚I
456 2845 508 2908 66.

254 3013 299 3028 -
311 2948 523 3064 pulverulenta
539 2993 647 3061 coquat
666 2984 794 3043 maturis
809 2981 917 3044 solibus
930 2993 1032 3043 nesius
1046 3016 1112 3048 -.
1179 2995 1182 3003 ’

152 3112 263 3196 Itaque
275 3127 358 3178 recte
373 3113 483 3178 videor
498 3133 629 3196 negare,
653 3113 737 3195 quod
752 3112 911 3194 homines,
933 3119 1078 3198 quamvis
1099 3118 1197 3207 docti,

152 3215 432 3299 commotisunt,
460 3218 641 3280 coniectura
661 3238 726 3281 esse
746 3217 932 3281 tentandum
955 3222 1106 3282 imbiberit
1122 3244 1194 3287 ver·
1214 3267 1217 3270 «

151 3313 246 3394 bum,
266 3317 329 3381 nisi
342 3318 427 3401 quod
442 3334 594 3401 praestat,
616 3321 642 3383 si
656 3321 772 3403 placet,
794 3323 963 3383 imbiberint
977 3322 1194 3390 aBurmanno

152 3417 341 3503 profectum.
385 3420 517 3486 Duobus
538 3436 643 3483 autem
666 3423 771 3485 modis
794 3422 865 3485 salsi
889 3438 979 3503 sunt,
1003 3427 1136 3508 opinor,
1161 3428 1194 3490 in

154 3519 216 3583 hoc
233 3544 324 3590 versu
346 3526 544 3610 interpretes,
574 3525 719 3608 primum
740 3525 824 3610 quod
838 3546 955 3590 messes
977 3529 1195 3593 existimarunt
1224 3532 1230 3538 '

154 3625 315 3702 caliginem
331 3628 486 3692 imbibere
502 3630 543 3711 (v.
554 3628 635 3709 56),
657 3626 770 3691 deinde
783 3629 867 3711 quod
885 3631 1048 3712 antiquam
1060 3633 1196 3716 scriptu-

154 3745 225 3788 ram
263 3732 432 3793 imbiberint
467 3733 688 3795 immutarunt.
736 3729 785 3794 Ac
812 3734 897 3816 prius
929 3734 1059 3817 quidem
1085 3753 1196 3818 reapse

154 3850 338 3914 perversum
354 3847 415 3907 est;
442 3854 547 3915 neque
566 3836 659 3898 credo
676 3835 826 3918 equidem
841 3850 908 3899 tam
924 3857 1024 3901 crasso
1038 3835 1091 3900 filo
1108 3834 1196 3903 Gra-

152 3934 238 3997 tium
267 3955 327 3999 sua
351 3935 448 3999 verba
473 3939 699 4020 composuisse,
736 3953 770 4002 ut
798 3939 986 4004 distraheret
1012 3938 1196 4022 torquendo,

153 4057 237 4120 quae
258 4053 330 4125 apte
350 4053 454 4126 posset
470 4039 667 4127 coniungere.
711 4041 822 4128 ltaque
843 4042 885 4108 ad
905 4042 986 4108 Solis
1008 4041 1195 4110 Pleiadum·
