2686 4928
498 311 911 407 *roo-z

150 519 202 593 44.
225 517 528 607 Ptin.N.fl.V111.,
545 528 598 595 35.
620 529 764 617 Oppien.
777 526 859 619 Cyn.
874 531 943 614 lli,
957 537 1031 601 868.
1049 534 1199 620 Xenopis

149 626 192 691 de
200 647 271 695 ven.
285 650 313 696 e.
323 627 380 696 111.
426 628 511 713 Ergo
518 632 613 715 fissit
622 632 768 717 Hagnous,
781 628 865 721 quia
874 652 919 702 est
933 636 1059 702 soboles
1070 637 1199 707 factitis

149 730 273 797 Eorum
286 731 381 814 igitur
394 732 509 818 duplex
525 739 635 817 virtus,
655 741 806 822 sagacitas
820 755 852 805 et
864 740 1198 826 violentiapugnaudi.

149 835 372 923 Xenophontis
385 853 492 902 autem
510 861 606 923 genus
620 862 736 906 canum
755 863 776 906 a
795 843 876 929 lupis
894 844 1106 929 vulpibusque
1123 843 1199 930 pro·

148 943 343 1006 seminatum
370 962 445 1006 cum
471 939 581 1008 Gratii
608 943 738 1010 thoibus
766 945 899 1013 mirifice
920 927 1089 1032 congruit
1118 929 1197 1012 Par·

146 1044 258 1119 sulum
281 1044 367 1110 enim
389 1043 466 1129 fuit,
500 1045 651 1115 brevibus
670 1048 823 1135 pedibus,
860 1065 925 1119 toto
949 1040 1082 1140 corpure
1103 1051 1196 1120 inho-

145 1164 282 1216 nestum.
1055 1161 1059 1169 '

251 1347 281 1390 v.
295 1319 370 1389 266.
393 1329 476 1387 norit
494 1347 583 1390 uoces
603 1322 700 1392 Geso.
717 1316 775 1394 Gr.
790 1322 841 1409 P.;
865 1331 958 1390 morit
973 1342 1020 1394 est
1040 1326 1075 1389 in
1089 1323 1142 1390 ed.
1153 1322 1193 1391 Δ.

147 1446 178 1498 et
193 1430 240 1496 St.
285 1426 456 1513 Optimam
477 1449 543 1494 esse
565 1429 718 1495 iohnsoni
742 1430 1001 1495 emendationem
1022 1449 1127 1514 aeque
1145 1442 1196 1494 at4

146 1554 210 1622 que
241 1531 527 1617 elegantissimam,
564 1534 730 1598 neminem
765 1529 845 1614 fugit
873 1536 930 1617 qui
965 1534 1195 1599 sententiarum

144 1642 305 1704 rationem
324 1635 585 1701 »consideraverit
638 1635 749 1720 ltaque
778 1642 928 1720 pignora,
966 1652 1002 1701 ut
1030 1652 1130 1702 antea
1145 1635 1195 1701 'de

144 1748 291 1824 vestigiis,
314 1739 366 1803 hic
387 1738 427 1803 de
446 1745 568 1822 ptrueda
588 1744 657 1824 ipsa
672 1740 787 1825 accipe.
830 1743 952 1805 Nudum
974 1744 1113 1807 Martem
1135 1740 1195 1807 ht·

144 1849 278 1913 huimus
291 1860 379 1910 versu
390 1844 461 1912 162.
475 1846 594 1928 pariter
608 1845 796 1929 artificiosae
807 1851 974 1926 sagacitati
988 1847 1194 1911 contrariom.

145 1952 247 2038 Quod
262 1949 410 2013 Heinsius
431 1949 595 2014 extrioevit
616 1967 654 2012 ex
670 1945 826 2014 librorum
840 1950 1034 2035 corruptela,
1051 1950 1196 2016 aliem

145 2057 188 2123 ab
209 2055 366 2122 sententia
389 2065 443 2119 est.

61 2252 64 2260 ·
114 2285 115 2289 ,
248 2248 277 2291 v.
290 2224 367 2292 266.
383 2225 456 2288 267.
500 2219 618 2305 Tangit
637 2219 719 2287 sorte
740 2235 835 2307 poeta
853 2245 995 2306 pugnam
1016 2224 1097 2291 thuis
1115 2246 1191 2291 eum

140 2339 235 2407 leone
248 2331 374 2397 Romae
388 2326 423 2390 in
438 2326 521 2390 circo
536 2326 654 2407 visam,
677 2327 763 2391 unde
780 2329 981 2392 clarissimam
995 2330 1114 2415 sumum
1134 2328 1189 2392 di-

140 2447 195 2510 cit.
239 2437 282 2502 Et
303 2431 453 2500 meminit
473 2430 556 2494 thois
576 2430 612 2491 in
635 2430 716 2496 ludis
729 2430 879 2515 Pompeii
898 2431 945 2497 M.
965 2435 1096 2517 spectati
1106 2431 1190 2502 Ptin.

141 2549 184 2612 N.
191 2543 232 2609 H.
240 2536 348 2614 Vnt,
359 2538 407 2599 19.
415 2548 448 2598 et
459 2535 669 2599 et-sutire
682 2534 722 2598 de
734 2530 850 2598 fraude
865 2547 894 2602 et
909 2539 1108 2618 aggressione
1121 2537 1192 2605 fur-
1219 2604 1223 2610 ,

74 2654 77 2657 ’
142 2655 219 2727 riva,
239 2658 276 2706 ut
290 2663 320 2706 v,
337 2637 409 2706 184.
426 2639 542 2722 proruis.
555 2637 678 2699 lacertis
699 2637 731 2701 h.
745 2637 904 2716 cruribus,
925 2654 958 2702 ut
978 2639 1056 2717 infr.
1072 2663 1102 2706 v.
1118 2644 1193 2707 27].

141 2751 338 2825 Brevitatem
347 2736 1194 2828 crurumthoibustribuitPlin.Vlll.,34.]Wernsd.

70 2884 73 2890 ·
142 2861 197 2930 De
209 2855 398 2924 committere
412 2845 507 2909 verbo
520 2842 575 2908 cst.
591 2841 720 2908 Sueton.
735 2836 834 2926 Calig.
849 2844 902 2911 66.

246 3049 277 3092 v.
295 3021 370 3089 269.
397 3030 507 3082 eeuetu
528 3016 670 3080 voluntas
689 3027 855 3102 promtum
876 3014 1017 3081 studium
1033 3031 1072 3100 ,et
1092 3040 1191 3109 expe-

64 3194 67 3204 *
143 3138 211 3202 dira
228 3126 300 3213 eis]
315 3120 509 3188 Wernsd.
825 3126 828 3133 '

246 3325 277 3367 v.
293 3301 368 3364 260.
411 3294 488 3358 Non
511 3306 628 3376 potest,
656 3292 717 3356 nisi
740 3292 941 3356 emendando
961 3292 1117 3376 explicari
1142 3297 1190 3361 iu-

143 3437 208 3481 cus.
250 3405 340 3471 Nam
360 3398 388 3465 si
408 3397 487 3483 quid
506 3394 657 3479 suspicari
677 3392 748 3458 licet
767 3416 805 3459 ex
826 3397 1030 3460 vetustiorum
1051 3417 1190 3466 annuta-

139 3523 229 3586 tione
252 3511 476 3590 interpretum,
510 3497 620 3563 multis
644 3498 855 3581 ambiguitatis
870 3498 1051 3580 ‘generibus
1075 3503 1190 3571 ssuau-

121 3608 237 3695 ante,
270 3606 490 3692 antiquissima
513 3601 586 3667 iibri
608 3598 682 3666 MS.
708 3602 865 3687 scriptura
888 3601 922 3664 in
936 3601 1031 3670 ,hunc
1053 3608 1188 3677 mudum

143 3729 315 3812 depravatu
329 3724 412 3776 erat:
476 3799 478 3801 Ι

249 3875 291 3941 At
305 3889 365 3930 nun
385 3877 430 3926 est
443 3864 540 3942 alius,
566 3880 649 3942 quem
668 3873 758 3922 tanto
774 3862 817 3919 ad
831 3864 933 3920 niuniu
944 3855 1063 3942 suetus,

251 3978 399 4043 Exeruere
413 3968 503 4029 uelis:
533 3977 588 4026 aut
603 3978 635 4027 te
648 3977 704 4026 tua
718 3962 809 4044 culpa
828 3965 954 4027 revellat

129 4104 132 4109 ·
249 4083 333 4146 Inter
354 4095 427 4155 opus
447 4101 492 4119 -
