2686 4928
570 342 897 416 ...„.30.....

254 551 347 652 Ergo
365 547 545 642 impetrato
556 546 744 640 respondet
756 549 865 622 multa
879 549 995 623 favore

255 686 315 760 Ad
333 680 465 779 partes,
492 707 562 774 qua
575 678 689 775 poscis
703 707 823 774 opem,
847 709 910 754 seu
923 681 1058 757 vincere
1071 680 1189 777 silvas,

155 832 228 902 495
257 820 330 892 Seu
350 814 413 889 tibi
423 815 576 888 fatorum
592 814 685 887 labes
703 812 793 888 exire
807 812 989 910 minasque

255 955 348 1028 Cura
361 947 473 1043 prior3
496 968 556 1020 tua
571 973 698 1046 magna
712 947 799 1020 fides
813 949 989 1042 tutelaque
1003 947 1111 1048 virgo.

303 1086 420 1158 Restat
435 1107 544 1175 equos
560 1078 658 1153 finire
675 1079 781 1173 notis,
803 1107 891 1175 quos
908 1109 1002 1153 arma
1014 1082 1147 1156 Dianae

252 1215 454 1295 Admittam⁴
476 1241 550 1287 non
566 1240 670 1288 omne
682 1242 776 1289 meas
789 1242 900 1315 genus
914 1215 1019 1289 audet
1032 1214 1068 1287 in
1085 1238 1182 1291 artes.

251 1353 314 1431 Est
326 1348 448 1427 vitium
464 1375 506 1421 ex
520 1344 637 1423 animo
645 1404 655 1442 ,
680 1369 763 1421 sunt
776 1375 867 1442 quos
881 1346 1032 1421 imbellia
1044 1350 1165 1422 fallant

137 1482 225 1572 ‘500
254 1488 424 1581 Corpora:
448 1478 670 1576 praeveniens
693 1481 874 1575 quondam
887 1503 938 1555 est
951 1480 1176 1557 incommoda
1189 1485 1304 1562 virtus.

252 1618 422 1716 Consule,
447 1612 554 1688 Penei
567 1614 678 1707 qualis
692 1612 913 1710 perfunditur
926 1642 1027 1688 amne

249 1752 460 1841 Thessalus,
487 1768 547 1819 aut
557 1746 685 1842 patriae
698 1774 804 1842 quem
817 1774 1023 1841 conspexere
1039 1747 1209 1852 Mycenae

249 1887 434 1959 Glaucum,
460 1875 585 1974 neinpe
597 1879 730 1979 ingens,
755 1908 879 1975 nempe
895 1879 1004 1953 ardua
1015 1882 1140 1956 fundet
1152 1881 1190 1957 in
1204 1912 1305 1961 auras

249 2020 368 2093 Crura
394 2012 472 2108 quis
486 2012 585 2087 Eleas
599 2012 717 2107 potior
726 2013 883 2089 lustravit
897 2012 1045 2088 arenas?

148 2161 234 2236 505*
246 2149 305 2228 Ne
318 2171 434 2223 tamen
447 2147 519 2221 hoc
535 2144 677 2245 attingat
693 2174 801 2243 opus3
822 2146 1000 2220 iactantior
1017 2145 1077 2221 illi.

247 2283 382 2374 Virtus,
408 2307 514 2376 quam
528 2278 628 2356 silvas
645 2280 845 2376 durumque
858 2282 1023 2364 lacessere
1033 2278 1191 2354 Martem.

245 2416 322 2492 Nec
339 2440 458 2488 saevos
473 2411 624 2520 ¹miratur
646 2440 754 2508 equos
769 2433 902 2489 terrena
917 2415 1044 2517 Syene:

247 2545 383 2624 Scilicet
397 2565 430 2619 ct
442 2543 576 2617 Parthis
591 2544 678 2618 inter
691 2573 754 2618 sua
768 2545 887 2620 mollia
902 2573 983 2619 rura

244 2676 373 2756 Mansit
386 2676 516 2751 honor:
545 2675 657 2753 veniat
670 2676 819 2752 Caudini
836 2706 914 2750 saxa
929 2645 1105 2770 Talsurni‚

145 2832 219 2900 510
246 2814 489 2910 Garganumve
503 2829 655 2906 trucem,
681 2833 741 2885 aut
764 2810 1108 2912 Ligurinas'desnper
1123 2811 1246 2906 Alpes,

243 2951 335 3023 Ante
349 2970 438 3038 opus
454 2943 604 3020 excussis
619 2945 717 3022 cadet
730 2943 925 3046 unguibus:
951 2965 1113 3020 ettamen
1128 2943 1178 3018 illi

279 3285 303 3316 r.
318 3264 378 3319 493.
397 3267 569 3330 respondent
581 3263 649 3319 Ulit.
663 3284 744 3324 rescr.
761 3298 797 3310 -
813 3271 890 3322 culta
903 3265 991 3321 Ileins.
1004 3284 1028 3322 c.

279 3369 304 3404 s.
319 3345 380 3404 494.
398 3349 487 3414 poscit
501 3350 536 3404 Α.
551 3349 591 3404 St.

277 3455 303 3489 v.
318 3437 379 3490 500.
394 3436 530 3503 quantiam
543 3444 584 3487 est
596 3433 644 3489 Ul.
658 3455 699 3502 c.;
723 3455 844 3506 quorum
858 3437 1024 3508 est'repetito
1036 3441 1104 3488 sunt
1119 3432 1214 3486 Burm.
1232 3450 1257 3490 c.

278 3539 302 3574 r.
317 3524 377 3577 501.
395 3519 462 3572 Non
475 3522 535 3587 lega
546 3519 641 3577 Burin.
656 3542 679 3576 c.
697 3552 732 3566 -·
749 3522 842 3577 Peneo
860 3522 942 3578 Heius
959 3540 982 3576 c.

179 3661 181 3667 ¹
277 3623 302 3662 v.
316 3609 377 3662 500.
395 3624 576 3674 conspersam
590 3607 681 3662 lleins.
701 3627 725 3662 c.

279 3709 305 3746 v.
318 3694 376 3749 503.
394 3695 472 3745 tollet
485 3693 516 3744 in
527 3710 593 3747 aur.
609 3693 653 3748 cit.
667 3693 788 3750 'sumen

280 3795 305 3829 v.
321 3776 381 3832 504.
401 3779 535 3830 lustrabit
550 3778 594 3830 cit.
609 3778 729 3830 Turneb.

274 3882 299 3916 r.
314 3864 374 3917 507.
391 3864 537 3916 submittat
551 3864 640 3918 Heius.
657 3883 697 3929 c.;
721 3864 773 3917 tibi
783 3866 878 3917 mittat
894 3863 988 3917 Burm.
1004 3882 1071 3919 e.-
1084 3859 1191 3915 turrita
1198 3855 1293 3925 Syene
1313 3870 1331 3885 ·

345 3947 393 4002 Ul.
408 3967 448 4013 c.;
470 3948 579 4002 St'dena
591 3950 685 4003 Burm.
700 3968 724 4005 c.
1336 3936 1339 3940 Δ

276 4065 299 4101 v.
314 4049 374 4102 508.
389 4057 509 4115 propter
521 4066 578 4102 sua
597 4052 696 4106 mollia
707 4067 794 4105 crura
805 4048 954 4106 Bochartus
968 4069 992 4106 c.

274 4151 297 4189 v.
310 4135 370 4187 509.
388 4133 503 4187 venunt
517 4132 612 4190 dolius.
989 4142 990 4147 ’
