2686 4928
501 338 848 417 -145--—

249 541 418 624 Idaeasque
434 544 535 622 pices,
563 542 788 624 immundaeque
809 560 924 622 unguen
944 562 1087 612 amurcae

248 646 392 719 Miscuit,
411 656 443 706 et
457 662 604 706 summum
614 648 827 727 'complectitur
842 653 921 726 iguis
938 652 970 710 in
986 672 1086 717 unam,

138 764 295 830 Heinsius
317 762 422 827 dedit:
450 764 578 844 Impone
597 776 686 847 utque
705 768 789 848 pices
808 768 856 830 vel
873 766 988 851 fraces.
1032 769 1190 862 Scaliger:

142 870 384 952 Mygdoniusque
396 864 445 929 vel
455 867 676 949 Maeoniaeque
720 865 810 930 Nllul
820 868 867 933 hrs
876 894 962 955 opus
1004 871 1090 940 Tum
1100 903 1191 947 scru
1236 864 1240 873 Ι

144 975 256 1067 pulum
277 970 366 1034 dedit
384 974 502 1032 miscuit
516 969 665 1046 verbum3
685 968 823 1053 ideoque
837 974 945 1035 illucet
964 978 998 1036 id
1017 978 1192 1071 aBarthio

145 1090 173 1161 et
192 1078 307 1143 Miscet
319 1086 350 1135 ct
368 1075 443 1137 daec
462 1095 608 1137 summum
619 1094 640 1138 a
653 1072 841 1137 Burmannu
857 1091 1029 1141 correctum
1043 1098 1097 1148 est
1140 1087 1192 1155 Tu

141 1179 228 1243 bona
241 1176 316 1241 lide
339 1176 441 1239 retirm
461 1173 624 1259 vulgatum
646 1181 782 1259 miscuit,
810 1180 927 1262 inquo
948 1180 1126 1249 videlicet'
1113 1198 1192 1267 ignis

142 1285 230 1347 inest
251 1280 438 1345 subiectum.
473 1279 567 1361 ignis
594 1278 748 1343 nimirum
774 1282 879 1348 varias
908 1287 1058 1365 unguenti
1087 1307 1192 1373 partes

148 1382 254 1467 coquit
265 1396 296 1445 et
307 1381 345 1444 in
361 1401 459 1445 unam
478 1381 697 1465 complectitur
711 1404 858 1449 massam.
902 1383 955 1450 Ne
968 1376 1117 1459 ‘offendas
1130 1416 1193 1461 au.

148 1502 219 1551 tem
239 1488 273 1547 iu
290 1504 343 1562 eo,
369 1483 454 1567 quod
476 1483 589 1547 eodem
609 1505 700 1549 versu
720 1500 864 1570 tempora
881 1488 1094 1559 immutantur
1107 1503 1195 1563 eius·

149 1589 223 1654 dem
238 1586 369 1663 subiecti
383 1588 514 1665 (miscuit
526 1622 571 1636 -
584 1590 823 1670 complectitur),
850 1591 884 1653 id
907 1594 992 1674 quod
1013 1614 1190 1667 metrorum

144 1711 261 1759 nussa-
279 1711 301 1755 a
319 1689 420 1775 poetis
442 1690 626 1774 saepissime
647 1691 867 1754 commissum.
910 1692 1060 1760 Similem
1086 1715 1194 1767 autem

138 1792 339 1883 sementiam
351 1792 414 1857 rid.
429 1791 514 1876 apud
527 1790 711 1858 Nemesim
725 1788 803 1876 Cyn.
818 1816 847 1854 v.
864 1797 939 1859 226.

257 1968 291 2013 v.
310 1942 396 2011 tte·
422 1949 480 2010 Est
511 1951 561 2008 ira
595 1948 738 2009 coircitu.
785 1942 861 2009 Non
890 1946 1011 2012 dubitat
1038 1948 1197 2035 Barthius,

149 2072 267 2117 veram
289 2051 575 2134 esse-scripturam:
602 2063 691 2134 utque
714 2054 764 2112 tra
779 2054 932 2127 coe‘rcitc;
955 2050 1095 2137 Scaliger
1110 2056 1198 2140 lege·

148 2157 225 2221 bat:
244 2166 304 2218 stet
321 2166 355 2216 ut
373 2158 434 2221 ira.
477 2152 619 2236 Uterque
639 2154 730 2237 peius
759 2151 848 2217 libris
871 2153 1019 2237 vulgatis,
1062 2156 1096 2220 in
1119 2163 1196 2245 qui-

144 2258 207 2327 bus
221 2256 320 2323 breve
333 2270 364 2321 et
377 2270 521 2320 coactum
535 2255 685 2339 loquendi
699 2274 797 2336 genus
816 2257 850 2317 in
870 2256 1123 2322 medicaminum
1139 2263 1198 2329 de·

146 2361 320 2449 scriptione
335 2361 404 2424 rim
419 2358 515 2423 habet
534 2356 696 2441 quandam
711 2357 752 2421 ad
767 2356 947 2438 augendam
965 2357 1071 2423 fidem.

250 2540 283 2583 v.
304 2514 381 2581 419.
424 2513 488 2577 Vix
506 2512 584 2577 ferri
605 2526 707 2600 potest
731 2514 938 2598 antiquorum
967 2515 1200 2602 exemplarium

155 2624 323 2709 scripura:
343 2641 419 2705 quac
431 2632 477 2694 tc,
500 2632 623 2692 nutura,
645 2623 798 2680 timentem
813 2621 948 2699 differat.
993 2617 1111 2684 Ulitius
1123 2622 1201 2687 asti·

150 2726 283 2815 palatur
297 2722 473 2801 Iohnsono‚
495 2722 551 2806 qui
568 2720 670 2784 dedit:
692 2742 767 2803 quoe
786 2733 817 2781 te
837 2742 874 2783 nc
894 2722 1202 2791 carcinomatis.

148 2829 296 2897 Malebat
308 2826 354 2889 sic
368 2823 522 2907 Scaliger:
542 2859 586 2873 -
608 2835 659 2886 cst
672 2826 723 2883 ira
738 2827 872 2885 coi'rcitu
887 2827 1006 2886 morbi!
1025 2838 1086 2898 esi,
1108 2828 1203 2890 luscu-

151 2948 256 3016 mque
270 2933 370 3008 rigor,
392 2950 429 2990 nc
444 2932 475 2991 tc
487 2940 616 2989 ventura
627 2926 782 2989 timentem
797 2924 943 3007 Differam
967 2925 999 2990 h.
1015 2945 1041 2986 e.
1055 2946 1095 2988 ne
1108 2927 1204 2990 blan·

157 3036 249 3099 diens
266 3030 458 3118 principium
482 3029 705 3094 medicaminis
730 3044 761 3091 te
787 3028 952 3092 timentem
974 3026 1088 3107 etiam,
1119 3049 1204 3112 quae

152 3139 243 3224 sequi
258 3149 389 3223 possunt
402 3133 507 3211 mala,
536 3132 592 3194 diu
608 3132 754 3195 distineat
774 3145 803 3195 et
819 3129 977 3194 incertum
993 3130 1113 3195 reddat.
1155 3130 1204 3196 lta

152 3243 222 3307 fere
239 3242 370 3327 priores.
412 3234 457 3300 At
482 3236 571 3298 enim
597 3232 693 3295 verba
723 3232 802 3296 haec
830 3233 1007 3316 significare
1037 3248 1204 3319 nequeunt.

151 3344 309 3410 Fortassis
337 3359 438 3423 pauca
466 3335 652 3399 admodum
673 3335 898 3418 corrigenda
889 3358 923 3398 ιιι
950 3336 1079 3419 vulgata
1102 3350 1204 3403 erunt.

153 3450 238 3537 Quis
264 3446 351 3510 enim
377 3441 513 3519 dubitet,
541 3434 731 3503 sententiam
753 3439 818 3502 sere
842 3435 925 3501 hanc
947 3457 1029 3501 esse:
1063 3439 1205 3521 Impetus

155 3568 202 3619 est
223 3547 334 3615 morbi
353 3564 529 3637 repressus,
551 3563 649 3627 quem
667 3541 722 3623 qui
739 3540 852 3615 timet,
878 3541 905 3602 is
919 3558 960 3601 ne
975 3535 1140 3604 differatur
1163 3544 1205 3609 ab

143 3639 290 3735 natura,
310 3650 341 3714 h
358 3668 385 3711 e.
400 3649 434 3709 in
458 3647 579 3727 longius
600 3658 725 3726 tempus
740 3654 885 3719 vexetur,
920 3639 1046 3757 pluvias
1069 3657 1100 3709 et
1119 3661 1206 3709 tem·

156 3774 330 3845 pestatem
325 3751 436 3814 vitent
458 3769 560 3813 canes.
605 3742 792 3810 Cavendum
816 3756 861 3805 est
884 3740 999 3824 igitur,
1029 3766 1070 3810 ne
1091 3762 1206 3810 natura

157 3850 341 3985 ωπιιιιιριι
354 3856 481 3932 iterum,
493 3851 582 3936 quod
591 3864 658 3914 arte
674 3859 742 3911 erat
752 3858 940 3908 correctum.
971 3842 1106 3913 Scribe
1097 3850 1205 3928 igitur:

351 3976 486 4054 ''¹'un
510 3993 547 4035 uc
568 3983 682 4034 natura
703 3974 857 4029 timentem

325 4070 872 4217 Mirm-'10
