2686 4928
517 352 843 429 ...30....

155 559 254 633 tiam,
276 565 312 617 ut
325 548 403 616 alibi
416 552 488 636 quid
501 554 591 635 quod.
635 551 716 619 Mox
727 574 762 619 n.
775 559 830 623 93.
843 558 1100 626 dissimulantibus
1112 564 1208 623 armis

154 655 380 744 accipiendum
402 677 478 719 oum
497 654 686 723 Burmanno
705 680 765 745 pro
783 665 919 727 condis.
959 663 1208 729 Dissimulantcrn

153 765 272 830 uultum
292 780 350 846 pro
369 760 561 824 dissimulato
585 758 683 825 habet
696 761 766 826 Val.
780 762 870 836 Max.
884 766 965 846 lll.,
983 764 1016 833 4.
1058 765 1207 854 Denique

57 895 61 901 ·
153 869 328 954 sapienter]
349 859 506 926 intellexit
537 860 779 931 Wernsdorfius
815 892 905 952 quam
931 904 978 918 -
1005 891 1097 954 saepe
1119 869 1206 939 MSti

154 970 339 1040 auctoritate
355 965 578 1051 reponendum
595 986 669 1034 esse.
792 978 796 983 ’

259 1131 291 1177 v.
305 1104 358 1173 95.
403 1104 436 1172 0
451 1105 528 1172 felix
543 1107 613 1188 ille,
639 1124 736 1193 quem
750 1100 810 1174 sua
824 1107 981 1176 industria
996 1112 1044 1175 ita
1058 1111 1206 1198 produxit

154 1230 189 1285 et
202 1212 331 1280 clarum
353 1208 445 1293 fecit,
472 1224 509 1275 ut
520 1213 645 1298 primus
659 1225 824 1276 tantarum
844 1233 952 1276 rerum
973 1227 1085 1279 auctor
1104 1213 1206 1283 habs-

153 1335 250 1387 retur.
293 1314 333 1379 tn
354 1315 410 1394 iis,
433 1334 517 1399 quae
531 1329 720 1402 sequuntur,
744 1317 913 1399 Densius,
934 1338 975 1378 au
988 1323 1205 1401 proximaret

152 1423 316 1500 imitatur,
338 1431 372 1482 ut
384 1415 463 1481 alias
475 1437 588 1503 saepe,
608 1416 799 1485 Lucretium
807 1417 867 1498 V.,
890 1419 936 1503 8.]
952 1418 1145 1489 Wernsd.

257 1584 289 1630 v.
311 1563 365 1626 96.
410 1560 555 1623 Condidit
574 1559 660 1623 bona
679 1554 744 1624 fide
767 1559 820 1621 aio
840 1581 860 1623 a
880 1554 995 1623 Gratio
1015 1559 1203 1647 profectum

152 1671 193 1738 In
211 1680 301 1733 tanta
322 1665 411 1728 enim
432 1660 589 1726 librorum
611 1661 839 1745 ambiguitate,
871 1663 996 1729 duobus
1015 1667 1202 1750 praesertin

149 1766 373 1841 vetustissimis
393 1763 627 1851 exemplaribus
648 1760 691 1832 G.
707 1779 738 1829 et
750 1764 787 1829 Β.
811 1767 1022 1831 Condiditavit
1046 1767 1204 1836 exhibent

151 1873 348 1960 tibus,.quis
368 1892 433 1934 non
453 1867 609 1953 glossema
630 1881 717 1952 putet
737 1867 817 1931 illud
836 1873 998 1934 condidit?
1039 1871 1131 1938 Tum
1151 1872 1205 1938 su·

150 1981 208 2047 tile
223 1992 285 2057 est',
306 1973 393 2061 quod
409 1977 491 2037 divis
511 1992 569 2055 pro
588 1974 677 2035 divos
691 1971 815 2056 scripsit
827 1972 994 2054 Heinsius,
1013 1975 1204 2044 Turnebus·

151 2105 214 2169 que
236 2080 317 2146 adeo
343 2080 416 2140 divo
436 2075 581 2138 correxit.
624 2071 809 2138 vindicavit
829 2076 991 2160 vulgatam
1012 2080 1203 2166 scripturam

149 2187 263 2252 Burm.
284 2180 325 2246 ad
347 2176 447 2244 ovid.
467 2172 536 2240 Art.
552 2174 593 2255 L,
624 2179 696 2240 139.
716 2175 955 2246 Invocatiouem
975 2181 1045 2249 sere
1066 2183 1200 2252 eandem

150 2287 251 2358 habes
268 2283 405 2369 Virgilio
421 2277 539 2364 Georg.
552 2278 628 2361 1V.,
649 2277 724 2346 315.
1068 2270 1072 2275 ’

253 2451 284 2492 v.
297 2427 350 2491 99.
392 2421 467 2486 Non
482 2420 551 2484 sine
565 2419 758 2485 verecundia
772 2418 899 2485 Dianae
914 2434 1061 2488 sanctum
1080 2443 1198 2493 nomeu

148 2529 330 2618 compellat.
373 2528 437 2589 Fas
456 2523 546 2588 enirn
568 2520 764 2587 Latinorum
792 2523 920 2588 nonde
949 2523 1095 2594 humana
1121 2527 1200 2612 lege,

147 2637 204 2707 sed
219 2634 260 2699 de
273 2653 313 2696 ea
323 2627 455 2711 dicum,
475 2645 558 2710 quae
572 2643 610 2689 ex
626 2647 733 2690 rerum
749 2626 930 2691 divinarum
944 2630 1106 2697 sanctitate
1118 2651 1199 2717 pro‘

148 2737 298 2806 ficiscitur
309 2744 509 2797 monstrante
525 2726 639 2795 Servio
651 2730 694 2793 ad
709 2729 796 2814 Virg.
810 2725 871 2795 Ge.
884 2729 910 2794 l.
927 2753 956 2794 v.
973 2735 1050 2800 269.

252 2856 325 2920 lam
344 2851 463 2917 retium
484 2848 631 2915 inventor
650 2850 833 2914 nominatur
857 2867 877 2911 a
899 2845 1014 2917 Gratio
1035 2848 1200 2938 Dercylus,

147 2983 243 3033 senex
261 2954 432 3033 Arcadius,
453 2966 584 3039 propter
596 2955 745 3018 virtutem
765 2951 858 3016 valde
872 2951 944 3016 Diis
958 2969 1099 3021 amatus.
1141 2953 1202 3021 ltle

147 3069 218 3155 quis
237 3061 350 3139 fuerit,
380 3055 523 3120 multum
545 3057 644 3120 doctis
668 3072 713 3120 est
734 3056 775 3119 ab
799 3053 985 3121 hominibus
1005 3058 1198 3141 quaesitum.

145 3169 186 3233 ln
214 3185 280 3250 qua
304 3183 340 3225 re
368 3173 415 3224 tot
440 3158 661 3223 {lacerantibus
688 3159 896 3242 interpretum
924 3160 1052 3224 iudiciis
1079 3175 1129 3226 sat
1155 3175 1199 3228 est

139 3276 355 3342 monstrasse,
386 3282 482 3346 quern
512 3283 576 3325 non
604 3260 823 3344 significaverit
850 3276 952 3345 poeta.
994 3258 1080 3326 Cum
1109 3264 1199 3328 enim

145 3365 469 3456 vulgatislabstineret
484 3361 615 3432 Gratius
635 3362 822 3447 malletque,
847 3364 1020 3446 singularia
1039 3387 1123 3449 quae
1145 3388 1197 3432 es·

144 3491 230 3556 sent,
260 3468 534 3552 reconditioraque
555 3468 814 3550 circumspicere,
843 3465 1047 3546 factumest,
1076 3482 1112 3532 ut
1132 3491 1196 3533 no-

144 3581 237 3642 mina
261 3574 423 3638 induceret
442 3571 491 3634 vel
512 3572 623 3635 minus
644 3582 720 3632 nota
742 3567 791 3630 vel
811 3591 936 3652 prorsus
958 3568 1103 3634 obscura.
1147 3567 1196 3634 Ac

143 3677 319 3765 Dercylum
352 3677 484 3759 quidem
508 3674 712 3737 Burmannus
749 3687 837 3754 putat
865 3670 1084 3758 Dercyllidam
1116 3692 1194 3754 esse,

144 3780 358 3866 Xenophonte
373 3800 411 3842 ac
425 3775 613 3862 Thucydide
626 3775 805 3841 auctoribus
820 3773 903 3837 bello
922 3776 1080 3858 insignem
1095 3773 1195 3840 Pelo-

142 3884 308 3973 ponnesio.
349 3880 503 3944 Attamen
525 3898 726 3963 quamquam
748 3899 805 3939 usu
820 3879 1115 3964 patronymicorum
1132 3899 1195 3941 no-

142 3992 270 4055 minum
284 4007 343 4072 pro
363 3981 532 4069 primitivis
552 4003 618 4046 non
639 3979 860 4047 abstinuerunt
878 3995 1076 4046 monstrante
1095 3980 1192 4044 scho-
1232 3982 1243 4007 ⁸

142 4091 235 4159 liasta
257 4091 301 4156 ad
324 4087 456 4155 Pindar.
477 4083 572 4172 Nem.
597 4085 675 4164 lV.,
705 4087 774 4162 31,
801 4080 972 4149 Eustathio
991 4084 1034 4150 ad
1055 4083 1192 4170 Dionys

1065 4184 1187 4271 Perieg.
