2686 4928
499 356 846 439 ...105-

147 561 305 628 locotione
326 571 463 644 raperem
480 563 525 626 ad
546 586 595 640 m,
621 565 829 629 immemores
848 560 896 627 illi
917 561 1005 646 Virg.
1026 557 1097 630 Col.
1119 562 1193 630 101.

145 664 213 731 Nec
236 665 374 730 omnino
395 659 641 730 reiornridatum
666 666 728 730 hoc
755 680 802 732 est
830 666 984 751 loquendi
1013 687 1125 748 genus,
1160 679 1194 729 ut

97 782 99 787 ’
143 769 239 837 rideo
249 789 273 835 a
285 762 477 834 Casaubono
491 782 683 834 annotatum
698 769 739 834 ad
755 768 884 835 Sueton.
899 768 983 854 Aug.
1000 789 1026 834 c.
1040 771 1091 835 16.

244 948 279 1000 v.
292 918 500 990 ele-250.
545 923 721 987 Victoriam
736 922 792 988 ubi
807 923 986 1010 reportasti,
1010 927 1097 990 canis
1109 945 1194 1008 quo-

140 1049 202 1116 que
229 1024 372 1114 praedae
392 1026 548 1112 particeps
568 1026 642 1115 esto.
685 1029 784 1093 Plena
805 1029 900 1111 igitur
925 1026 1040 1090 dicitur
1061 1028 1193 1094 victoria

140 1154 193 1196 suo
203 1130 284 1217 fine
320 1128 430 1195 Antea
448 1122 553 1210 enim,
581 1151 656 1194 cum
675 1129 866 1216 explorasset
885 1129 972 1194 canis
987 1127 1107 1209 ieram,
1128 1151 1193 1213 op-

141 1237 365 1320 propiuqrmvit
383 1232 530 1311 victoria,
558 1245 630 1318 post
645 1248 771 1320 captam
784 1232 890 1299 feram
906 1235 1040 1298 omnibus
1053 1237 1193 1317 partibus

148 1335 407 1422 pertemescatis
426 1337 562 1418 replente
576 1349 629 1400 est.
673 1361 703 1404 v.
716 1338 789 1403 247.
809 1337 1012 1420 antiquorum
1026 1337 1193 1421 exempla·
1291 1352 1295 1357 “

151 1441 236 1504 rium
245 1440 433 1525 scripturam
446 1457 486 1500 ne
500 1452 617 1521 tangas.
638 1446 724 1505 noris
737 1441 826 1511 enim
841 1439 1004 1524 legebatur
1016 1442 1193 1508 rectissime

149 1555 222 1611 aule
234 1538 453 1620 omanorum,
473 1541 531 1626 qui
543 1549 643 1620 norit,
669 1557 718 1608 sat
730 1541 897 1626 frigidam,
919 1542 1111 1624 mehercule,
1132 1567 1194 1609 vo-

148 1665 239 1725 cem,
255 1646 437 1712 coniectura
449 1644 584 1711 induxit.
624 1643 669 1711 At
683 1646 771 1713 enim
784 1645 912 1730 vulgata
927 1649 989 1711 etsi
998 1647 1194 1732 aliquatenus

142 1744 305 1829 tortuosa,
325 1745 468 1833 prosecta
480 1761 589 1813 tamen
604 1747 646 1813 ab
666 1746 798 1827 Gratio,
824 1750 882 1835 qui
900 1748 1042 1813 imitatus
1063 1763 1110 1814 est
1129 1751 1193 1816 ite-

141 1874 223 1919 rum
242 1847 419 1934 Virgilium
440 1847 519 1916 Aen.
542 1850 601 1920 ΙΙΙ.
622 1875 652 1914 v.
674 1856 747 1918 222.
774 1853 894 1914 divos
882 1873 1032 1935 ipsumque
1050 1874 1194 1919 vocamus

146 1957 189 2021 ia
207 1966 334 2059 portem
349 1953 552 2038 praedamque
565 1956 684 2029 Iovem,
702 1974 837 2039 eamque
857 1952 1067 2030 locutionem,
1088 1976 1195 2040 quan·
1279 1972 1282 1977 ·

146 2072 223 2124 tum
243 2076 262 2120 e
283 2074 319 2121 re
335 2076 389 2120 sua
409 2056 542 2140 putabat
561 2077 643 2136 esse,
671 2059 814 2125 mutavit.
867 2057 954 2143 Ergo
974 2073 1133 2124 construe·
1161 2067 1195 2126 ιἰι
1256 2100 1259 2104 ·

144 2174 273 2248 partem
282 2162 420 2243 praedae
433 2173 463 2222 et
476 2167 618 2244 proemio
631 2185 687 2226 sua
702 2167 789 2233 naris
803 2168 917 2227 ueniat.
961 2162 997 2225 ld
1013 2134 1105 2246 quod
1119 2186 1196 2234 vere
1219 2206 1223 2212 ·

142 2281 190 2333 est
203 2287 225 2330 a
240 2263 431 2327 Bormanno
446 2279 660 2347 perspectum,
683 2287 738 2350 qur
729 2264 882 2328 contulit
890 2261 954 2328 Cic
962 2264 1003 2327 ad
1011 2264 1085 2331 Drv
1093 2267 1196 2351 xlv,

143 2375 176 2438 2
196 2364 382 2432 Ausonium
404 2365 504 2451 Epist.
529 2367 605 2447 lV.,
624 2371 677 2433 21.
704 2364 769 2433 Cic.
791 2364 884 2434 Caec.
904 2365 961 2432 lV.
987 2381 1064 2432 extr.
1090 2367 1197 2438 Antea

151 2474 271 2536 dixerat
290 2493 323 2536 r.
346 2473 419 2536 191.
440 2483 469 2538 et
489 2486 631 2555 quantam
652 2495 729 2536 nare
749 2486 910 2538 merentur.
961 2468 1026 2534 Sed
1048 2469 1197 2541 Heinsius

153 2575 207 2640 hic
226 2592 353 2660 quoque
372 2572 416 2655 ad
441 2575 684 2656 coniectandum
708 2598 807 2659 quam
828 2575 870 2642 ad
892 2574 1116 2659 explicandum
1133 2601 1198 2663 pa-

140 2676 326 2764 ,sarmento
368 2682 417 2739 xv.
425 2676 498 2743 249.
508 2679 583 2743 250.
598 2677 672 2746 Non
683 2683 850 2744 convenire
858 2678 1201 2764 videbaturBurmanff

146 2806 190 2848 no
207 2780 341 2868 palmae
362 2783 628 2846 commemoratio
646 2803 755 2846 rerum
777 2782 931 2845 tenuitati.
976 2781 1100 2846 Verum
1116 2786 1198 2851 solet

148 2884 279 2954 Gratius
299 2884 334 2946 in
355 2901 464 2946 rerum
478 2885 737 2966 quotidianarum
752 2885 960 2967 descriptione
974 2882 1015 2945 ad
1030 2888 1198 2972 exemplo-

150 3011 226 3058 rum
238 2986 640 3069 magnitudinem-evocare
655 2987 814 3052 lectorem.
847 2987 893 3051 lta
908 2986 1108 3070 sequentibus
1124 2992 1199 3053 verss
1241 3023 1243 3025 >

149 3090 240 3179 sibus
249 3090 442 3174 Hagnonem
456 3093 571 3154 ilerum
585 3092 672 3156 vides
681 3089 828 3154 Deorum
843 3088 950 3153 lavore
964 3091 1200 3159 immortalium

147 3198 192 3261 ad
216 3195 312 3261 hasce
334 3206 418 3257 artes
440 3193 647 3260 inveniendas
667 3194 849 3259 adductum.
894 3192 1002 3257 Verba
1021 3197 1089 3279 ipsa
1111 3196 1200 3263 Bur-

149 3319 290 3367 mannus
303 3311 468 3382 eomparat
481 3297 710 3385 cumePropert.
725 3297 774 3364 El.
790 3294 863 3376 tv,
882 3301 912 3364 9.
932 3319 961 3362 v.
980 3299 1031 3363 17.
1076 3366 1079 3370 ,

254 3448 288 3512 r.
308 3427 382 3494 252.
432 3429 470 3492 ln
491 3433 629 3524 'vetustis
660 3431 893 3516 exemplaribus
927 3430 1081 3495 mendose
1114 3447 1201 3499 extat
1310 3455 1311 3458 ’

152 3536 284 3602 Dionea.
329 3530 529 3598 Terminatio
551 3536 842 3620 patronymicorum
864 3535 897 3595 in
913 3539 961 3607 ia,
989 3550 1025 3598 ut
1046 3537 1202 3615 Thucydi*

153 3641 219 3704 dius
232 3634 299 3702 Cic.
313 3649 389 3700 orat.
406 3638 433 3717 §.
443 3642 504 3718 30,
519 3657 635 3703 aureae
648 3640 759 3703 aetatis
773 3653 818 3704 est
831 3627 968 3722 propria.
1010 3639 1130 3703 Dionia
1145 3661 1201 3707 re-

108 3748 117 3782 ·
155 3742 261 3827 posuit
282 3737 432 3820 Scaliger.

258 3897 289 3939 v.
313 3870 386 3939 253.
430 3871 577 3937 Inventus
598 3872 639 3937 ab
661 3872 816 3956 Hagnone
839 3869 950 3938 thoum
974 3875 1010 3938 in
1032 3876 1201 3947 venatione

95 4022 100 4035 .
159 4000 234 4046 usus.
279 3975 391 4045 Genus
405 3989 472 4040 erat
490 3975 569 4040 illud
589 3977 738 4063 luporum
756 3997 934 4060 canumque
950 3980 1031 4043 coitu
1051 4000 1202 4062 procrea-

162 4093 245 4163 tum,
275 4081 402 4167 dequo
425 4077 694 4166 conferrealicebit
715 4077 1004 4171 Aristotelemhist.
1023 4083 1121 4153 anim.
1136 4081 1203 4159 lx,
1228 4146 1231 4150 Α
1256 4102 1258 4110 “
