2686 4928
508 308 855 429 416⁰-

139 559 333 622 obscurum.
377 551 529 620 Fortassis
552 554 706 622 delitescit
729 553 887 622 eiusmodi
907 551 1079 620 sententia:
1101 555 1207 621 molius

141 665 277 725 emanti
301 661 442 723 convenit
468 662 580 723 coloris
605 664 816 743 discrepantia
842 661 1000 743 quaedam.
1052 657 1206 744 Namque

145 762 322 829 obscurum
336 781 462 846 quoque
478 760 695 827 Wernsdorfii
708 763 804 826 illud:
828 761 898 846 „ab
919 762 994 845 equi
1016 762 1130 828 virtute
1145 786 1207 830 ve-

148 864 250 932 nandi
262 865 456 951 plerumque
470 864 599 929 dissidet
613 867 679 930 eius
693 865 808 931 color.“
850 864 1076 953 Interpretatur
1096 881 1206 932 autem
1274 850 1277 856 ¹

152 971 215 1035 sic:
241 967 348 1055 „Qui¹
363 971 469 1033 melius
487 982 749 1054 neamus-equus,
771 968 847 1032 huic
866 966 1056 1054 plerumque
1070 969 1208 1036 deterior
1272 988 1277 997 '

154 1087 200 1138 est
224 1074 328 1151 color,
364 1073 422 1155 qni
444 1073 535 1156 quasi
556 1095 695 1157 pugnare
719 1088 749 1138 et
771 1071 985 1136 contradicere
1008 1074 1075 1136 eius
1098 1075 1207 1138 virtuti

148 1177 290 1241 videtur.
327 1175 534 1259 Hincnigros
553 1178 693 1259 optimos
713 1175 868 1258 declarat,
897 1177 978 1240 sicut
993 1175 1147 1260 Virgilius
1163 1172 1207 1242 G.

148 1280 237 1356 lte,
254 1284 306 1345 82.
326 1280 460 1363 damnat
479 1279 576 1346 albos.
604 1284 690 1344 bodio·
710 1281 856 1346 dicuntur
875 1279 958 1345 fusci
981 1279 1033 1344 vel
1052 1280 1206 1367 spadices.

150 1381 256 1468 fessae
268 1380 402 1467 favillae
421 1396 495 1447 sunt
511 1382 668 1469 collapsae
683 1400 713 1449 et
726 1385 881 1450 resolutae
900 1386 935 1448 in
951 1385 1090 1462 cineres3
1110 1385 1207 1468 igitur

156 1486 319 1552 cinereum
342 1486 482 1551 colorem
504 1486 679 1553 describit.“
723 1488 812 1555 Haec
842 1505 953 1553 autern
977 1504 1008 1553 et
1034 1488 1207 1579 sequentia,

155 1588 334 1656 litterarum
345 1588 458 1654 formis
473 1591 634 1673 distincta,
654 1591 811 1677 supplevit
825 1591 955 1661 Ulitius.
1041 1596 1044 1600 '

258 1768 291 1810 v.
314 1742 389 1811 538.
431 1747 547 1811 Italiae
573 1761 736 1831 parentes,
778 1746 908 1809 Italicae
936 1758 1064 1808 matres.
1109 1765 1208 1828 equas

149 1849 283 1914 videtur
302 1847 483 1931 intelligere.
507 1849 642 1933 ‚quippe
663 1849 777 1912 eodem
799 1846 944 1912 encomio
964 1845 1090 1910 ltaliam
1112 1848 1208 1912 Maro

155 1964 254 2016 ornet
277 1946 484 2030 G.tt,145.
528 1955 642 2016 Terras
671 1957 754 2018 omni
776 1977 829 2015 usu
851 1954 1062 2035 praecepimus
1085 1950 1208 2013 videtur

155 2076 229 2121 esse
249 2055 489 2141 praevertimus,
517 2057 755 2138 superavimus:
785 2055 936 2141 quicquid
951 2055 1090 2120 aliarum
1107 2067 1210 2118 terra·

154 2182 232 2225 rum
246 2158 411 2245 proprium
426 2173 479 2238 est,
501 2159 534 2221 id
551 2164 751 2238 commercio,
766 2160 913 2239 sollertia,
928 2158 1134 2247 experientia,
1149 2179 1211 2222 usu

150 2263 291 2330 fecimus
312 2279 474 2342 nostrum,
511 2278 604 2346 atque
633 2265 671 2326 iis
697 2265 941 2347 praeripuimns.
987 2263 1123 2325 Videtur
1148 2261 1209 2324 hoc

150 2368 291 2432 uoluisse
313 2367 509 2452 significare,
534 2368 711 2449 importatis
733 2367 870 2431 aliarum
892 2380 1049 2429 terrarum
1072 2366 1161 2445 equis
1177 2377 1209 2426 et

159 2474 296 2555 equabus
311 2471 428 2537 ltaliae
444 2470 608 2534 submissis
621 2469 819 2534 nobilissima
834 2471 945 2535 ltaliae
958 2467 1110 2554 pecuaria
1124 2463 1210 2530 facta

160 2594 232 2658 esse,
249 2590 348 2661 atque
363 2575 439 2639 inde
453 2576 618 2639 occasione
632 2574 673 2660 ab
691 2574 752 2641 hoc
764 2596 877 2660 genere
890 2590 996 2640 sumta
1008 2572 1087 2638 tales
1095 2569 1210 2635 ltaliae

157 2679 264 2745 laudes
279 2679 475 2757 adiunxisse,
490 2677 597 2760 quales
613 2677 767 2743 ierePlin.
784 2681 838 2744 lib.
853 2679 912 2744 Ill.
922 2703 947 2743 c.
958 2677 987 2742 5.
998 2680 1026 2760 §.
1035 2681 1065 2742 6.
1082 2673 1211 2758 exponit

153 2784 211 2849 His
224 2786 304 2872 ipsis
320 2781 465 2848 laudibus
483 2780 598 2842 finiisse
613 2794 704 2864 poeta
712 2778 935 2866 Cynegeticon,
953 2796 987 2842 ut
995 2780 1116 2844 Plinius
1130 2797 1210 2858 opus

154 2910 266 2970 suum,
282 2889 420 2967 videtur,
442 2900 472 2950 et
486 2884 581 2970 pauci
594 2883 675 2947 adeo
689 2885 823 2975 periisse
835 2880 964 2967 versus]
981 2879 1166 2949 Wernsd.
