2686 4928
492 384 605 428 -··-··
625 344 706 448 oi‘
727 382 842 429 -·-··’

139 550 824 661 11111111111111111111111
855 573 1027 639 sentenia:
1072 569 1189 656 sireis.

141 682 272 756 ringsitm
285 676 335 739 die
348 674 453 743 111111
466 682 515 743 ab.
525 685 527 689 ’
537 674 602 744 Ἃῑ
616 678 703 744 enirn
713 680 834 744 'strictis
849 676 982 744 surculis
996 690 1091 740 notae
1115 673 1186 738 effi-

140 779 303 843 ciunl'trr.
301 776 430 866 ll'aque
450 780 512 847 hoc
532 784 593 867 111,
621 780 737 868 siquid
759 778 889 862 uideo,
899 784 1075 871 stringendo
1100 794 1189 843 notor

141 882 235 967 affice.
281 876 535 950 lle'cirrrerldum
545 887 596 951 ad
602 876 812 995 Graecos,
796 886 851 970 qni
863 878 975 950 v'c'rbis
995 885 1104 949 activis
1128 882 1187 945 ad-

143 988 223 1050 dunt
241 990 469 1074 saepenumero
484 984 702 1054 accusativum
716 964 890 1081 eliismodi,
918 990 968 1065 cui
991 988 1056 1051 ιιοιι
1078 987 1189 1071 proxi-

144 1113 217 1155 mus
238 1091 377 1158 aelionis
394 1091 536 1177 effectos,
565 1079 621 1159 s'ed
629 1085 797 1158 'r'emdt'ior
817 1092 901 1160 insit'
947 1093 1072 1171 Veluti,
1105 1091 1188 1176 quod

145 1193 315 1279 Euripides
335 1190 442 1288 inq'uit
459 1196 570 1283 Suppl.
588 1223 617 1262 v.
632 1187 733 1263 1111.
754 1190 943 1281 τιτρώσκειν
953 1197 1065 1291 φόνον,
1087 1194 1190 1280 expli-

146 1297 283 1362 candum
314 1302 379 1365 ila:
411 1302 506 1387 φόνον
523 1272 638 1368 πὸιε1ν
656 1307 703 1389 τῷ
721 1301 914 1386 cereniorem,
936 1302 1080 1365 docente
1103 1297 1190 1364 Mat-

145 1401 257 1485 thiaeo
277 1397 335 1470 Gr
357 1425 404 1497 gr.
392 1429 470 1490 p
475 1401 692 1471 74911111
719 1402 940 1486 Musgravium
968 1406 1011 1469 ad
1041 1401 1191 1489 Sophocl.
1231 1460 1233 1469 .

147 1478 253 1590 Antig.
275 1531 303 1570 v.
324 1510 397 1576 961.
418 1508 528 1581 Herm.
572 1507 668 1593 Quod
691 1530 790 1592 genus
809 1508 958 1592 loquendi
979 1529 1044 1571 non
1067 1528 1191 1592 prorsus

148 1590 338 1676 Latinorum
358 1632 378 1676 1
385 1615 500 1698 poetis
519 1627 565 1678 est
584 1613 735 1678 alienum.
779 1611 831 1675 Ad
848 1634 961 1678 manus
981 1627 1025 1676 est
1039 1611 1192 1694 Virgilius

148 1709 379 1809 Georgicisl„
407 1720 484 1807 309.
519 1731 704 1804 torquentem
742 1694 878 1805 uerbera.
931 1712 1081 1781 Ceterum
1111 1737 1193 1795 gem-

151 1832 266 1907 mantes
287 1843 406 1897 uersos,
441 1822 472 1887 h.
495 1842 522 1886 e
543 1823 677 1915 ordines
696 1841 863 1895 ramorum
884 1819 1068 1887 exeuntium
1093 1820 1195 1902 gemi-

151 1936 277 2004 nantes,
299 1923 394 2011 plane
416 1940 488 1989 sunt
506 1926 605 1989 iidem
626 1940 722 2009 atque
736 1924 819 2009 apud
840 1923 950 2006 virgil.
963 1919 1034 1988 Col
1047 1948 1078 1989 v.
1094 1928 1147 1990 69.
1170 1939 1199 1988 11

152 2023 270 2108 Georg.
302 2025 360 2104 ll,
401 2028 453 2095 74.
506 2028 572 2092 Hos
599 2030 688 2096 iubet
717 2052 850 2108 exigere,
888 2027 992 2092 facere
1022 2040 1058 2091 ut
1092 2043 1197 2094 exacte

153 2144 299 2196 crescant.

257 2310 285 2350 v.
310 2283 381 2351 147.
426 2285 493 2351 Ubi
514 2288 639 2352 hastilia
661 2289 695 2351 in
719 2285 949 2368 longitudinem
971 2287 1114 2368 quinque
1134 2304 1192 2370 pe-

157 2393 235 2456 dum
254 2392 467 2470 surrexerint,
493 2394 646 2456 caedeea
660 2394 753 2476 plena
778 2411 883 2463 manu,
909 2387 1110 2456 invalide.
1149 2389 1194 2454 lta

155 2498 267 2580 Burro.
280 2509 311 2559 et
322 2494 475 2562 Wernsd.
516 2494 592 2559 Non
611 2495 747 2561 debebat
764 2507 872 2561 tomen
892 2513 913 2556 a
931 2491 1122 2555 Burmanno
1140 2492 1198 2557 Ti-

157 2597 262 2663 bullus
284 2601 463 2682 comparari
491 2598 545 2665 lib.
564 2599 590 2660 l.
611 2600 699 2683 Eleg.
722 2596 752 2663 5.
773 2622 803 2660 v.
823 2600 873 2663 67.
897 2597 950 2659 ubi
970 2599 1063 2680 pleno
1085 2620 1203 2670 manus,

159 2703 276 2787 pariler
297 2715 393 2786 alque
415 2703 513 2768 eiusd.
530 2702 583 2766 lib.
603 2701 689 2786 Eleg.
705 2705 735 2766 9.
757 2724 786 2764 v.
802 2701 854 2766 52.
875 2705 944 2763 auri
964 2688 1202 2783 plenom'signi-

159 2806 239 2872 ficar.
273 2804 353 2869 illud
363 2805 462 2890 igitur
474 2821 600 2893 tempus
614 2804 764 2871 caedendi
777 2804 969 2886 eligendum,
978 2826 1042 2888 quo
1055 2816 1205 2866 auctum-

162 2935 223 2978 nus
247 2913 439 2988 advertitur,
472 2914 512 2976 de
534 2932 598 2997 quo
619 2912 767 2975 Horatius
796 2907 900 2991 inquit
925 2905 1206 2984 Carm.>1ll.,tt.

163 3041 192 3080 v.
209 3024 238 3086 8.
258 3014 408 3102 pomifero
426 3040 522 3098 grove
542 3032 658 3100 tompus
679 3036 769 3079 anno.
815 3010 924 3095 ltaque
944 3036 1040 3076 annus
1055 3032 1115 3096 pro
1128 3024 1208 3072 tcm-

164 3121 245 3205 porc'
258 3124 334 3185 duni
352 3121 553 3206 accipiendus
573 3140 677 3206 neque
701 3142 778 3204 opus
801 3130 863 3196 est,
895 3131 929 3179 ut
949 3139 1025 3181 cum
1048 3116 1206 3182 lohnsoolt

166 3232 314 3287 nocnerit
329 3224 484 3290 scribatur
502 3226 570 3291 loco
588 3226 732 3308 vulgatae
747 3220 927 3305 scripturae.

269 3426 298 3465 v.
317 3398 399 3466 150.
432 3397 483 3463 Ad
497 3420 569 3465 eam
585 3415 708 3486 partem
722 3396 897 3460 venationis
911 3397 1027 3478 pergit,
1048 3413 1113 3476 qua
1128 3389 1208 3456 milti

168 3506 323 3593 persuasi.
336 3503 417 3570 nihil
442 3505 476 3568 in
503 3519 568 3570 toto
591 3502 734 3571 carmine
754 3521 822 3565 esse
843 3497 1043 3584 praeclarius.
1086 3496 1147 3562 Est
1172 3491 1210 3557 (11

169 3611 298 3676 canibus
313 3608 366 3674 illa
381 3609 545 3688 venaticis,
571 3630 670 3692 quam
686 3605 871 3681 materiam,
901 3604 955 3668 elsi
976 3603 1115 3677 diverse,
1138 3598 1210 3680 Op-

168 3719 283 3801 pianus
296 3716 439 3778 tractavit
454 3735 527 3777 cum
536 3711 745 3795 Xenophonte
760 3707 800 3771 de
815 3728 894 3783 ven,
909 3705 1013 3768 Plinio
1022 3701 1060 3765 N.
1070 3702 1110 3766 H.
1122 3699 1211 3766 thl.

171 3845 197 3885 ιτ.
215 3823 265 3885 11.
281 3839 347 3903 sqq
389 3815 540 3899 Virgilius
563 3831 669 3879 autom
683 3811 799 3894 Genrg
809 3811 864 3874 lll
878 3834 906 3876 v.
923 3807 1046 3874 tol.-
1054 3804 1128 3869 413.
1142 3824 1213 3868 ma·

174 3924 230 3989 luit
254 3920 484 4012 praetercundo
505 3922 655 4003 attingere
679 3938 715 3980 ex
739 3916 800 3977 hoc
820 3933 933 3996 genere
958 3931 1015 3994 ea,
1051 3929 1135 3993 quae
1155 3905 1212 3970 loci

178 4027 391 4111 consiliique
382 4025 478 4109 ipsius
499 4026 608 4088 essent.
635 4020 736 4085 'lilud
759 4039 852 4098 vero,
879 4016 964 4100 quod
988 4010 1212 4080 nonnullorum

61 4133 64 4138 ’
179 4133 219 4198 dc
240 4116 354 4199 Gratio
373 4129 456 4227 lere
465 4151 502 4192 ac
524 4151 559 4191 rc
582 4127 712 4212 quidem
733 4126 808 4189 vcra'
828 4121 1103 4206 compendiariam
1124 4114 1212 4178 video
