2686 4928
511 335 860 444 4132-

211 589 221 602 ⁴,
266 593 294 631 v.
319 567 392 635 359.
435 566 606 632 Ilisso-illm
629 584 789 648 osteum,
825 572 881 635 ubi
909 572 1006 637 nimis
1031 587 1075 637 est
1099 572 1215 640 vulnus

162 673 375 738 interclusum.
419 671 527 756 ltaque
552 673 710 737 contraria
729 676 835 760 potius
854 691 900 741 est
919 676 972 739 via
993 676 1216 760 ingredienda.

163 783 307 842 Poscitur
326 780 475 858 pernicies
504 790 567 840 est:
595 782 717 853 crescit,
746 792 794 842 ut:
822 793 990 862 pascantur
1017 785 1102 858 ignes
1135 779 1214 843 Vir·

165 882 239 965 gilio
255 877 372 964 Georg.
389 879 440 943 lib.
457 880 499 945 ll.
516 903 544 941 ν.
562 881 634 943 432.

166 1009 169 1014 ’
267 1038 296 1078 v.
313 1017 385 1080 360.
402 1011 557 1096 fallentes.
604 1012 826 1080 Exscindendo
844 1030 875 1080 et
896 1015 1122 1099 amplificando
1138 1013 1212 1079 vul-

164 1142 240 1185 nere
254 1118 383 1182 latentes
403 1116 481 1180 mali
497 1138 620 1181 caussas
643 1132 673 1181 et
692 1116 830 1182 fundum
846 1117 992 1182 laesionis
1005 1120 1127 1202 detege.
1171 1119 1209 1184 V.

163 1248 192 1289 v,
206 1222 295 1306 236]
312 1219 387 1285 We
397 1242 439 1281 rn
448 1220 499 1286 sd.
544 1219 693 1285 Heinsius
707 1223 948 1306 interpungebat
962 1237 1090 1306 praeter
1102 1241 1208 1300 nene&

159 1330 309 1393 'sitatemt‘
318 1323 518 1409 fallentesque
527 1341 628 1402 'argue
644 1347 766 1387 caussas
784 1326 979 1389 Morborum:
1000 1332 1090 1390 uitio.

268 1484 386 1546 v..362
432 1475 623 1556 Considera,
645 1461 781 1563 quaeso,
803 1481 992 1564 primariam
1006 1494 1121 1567 poetae
1137 1501 1217 1546 seu-⁴

162 1587 313 1652 tentiam:
342 1581 469 1666 facilior
492 1586 643 1659 medicina
664 1597 706 1647 est
729 1589 760 1644 in
780 1589 897 1663 origine
919 1584 1003 1663 apli.
1047 1582 1123 1648 Post
1138 1605 1213 1650 eam

162 1693 256 1776 igitur
269 1688 407 1771 abrupta
421 1706 513 1749 versu
529 1689 602 1753 361.
617 1686 717 1751 oratio
733 1682 965 1769 redintegratis
976 1689 1029 1750 sed
1043 1675 1217 1774 particula,

163 1818 263 1882 quam
290 1790 372 1857 salso
395 1789 543 1857 Heinsius
568 1791 707 1856 mutavit
735 1792 795 1854 ita:
827 1813 879 1853 seu
899 1804 1001 1866 tactu,
1046 1793 1102 1856 etsi
1130 1790 1215 1858 Vir-

163 1901 238 1985 gilio
252 1895 332 1961 Aen.
348 1892 439 1971 xlt,
462 1891 534 1957 685.
554 1917 604 1956 seu
623 1893 810 1978 particulam
832 1907 887 1957 aut
906 1894 1056 1978 sequitur.
1098 1893 1214 1982 Repe·

93 1989 96 1994 ¹
160 2005 238 2067 titur
252 1996 398 2065 similiter
411 1999 464 2058 sed
483 1996 635 2078 particula
650 1996 800 2081 abruptus
815 2018 921 2062 sermo
943 2013 973 2061 et
985 1999 1077 2081 quasi
1089 1999 1212 2086 reeipi-
1232 2049 1236 2057 .

161 2123 213 2171 tur
233 2101 318 2186 apud
343 2093 532 2160 Ciceronem
554 2098 596 2160 ad
616 2098 657 2183 Q
680 2098 731 2164 Fr.
749 2100 808 2177 lt,
830 2104 860 2166 3.
882 2122 913 2185 p.
937 2104 1010 2168 608.
1034 2122 1073 2165 a:
1092 2136 1139 2150 —
1158 2107 1211 2188 qui

162 2223 194 2273 ut
215 2206 374 2292 peroravit
395 2203 513 2263 -sed
537 2215 570 2262 ut
588 2207 757 2286 peroravit.
801 2206 846 2267 Δέ
867 2205 1062 2288 particulam
1076 2206 1121 2270 ita
1139 2229 1206 2292 po-

160 2325 241 2375 nunt
263 2302 379 2372 Graeci
403 2301 477 2385 (cfr.
497 2301 614 2369 Matth.
633 2302 690 2371 Gr.
710 2326 753 2388 gr.
775 2306 804 2387 §.
825 2309 924 2390 616..)
968 2307 1158 2375 Praeterea
1146 2330 1201 2372 ur·

160 2408 320 2481 credibilis
344 2421 389 2470 est
410 2407 589 2504 Burmanni
616 2408 704 2472 hoc
694 2433 729 2473 ιιι
752 2408 822 2474 loco
843 2410 1029 2493 verbositas,
1063 2411 1138 2498 qui,
1167 2414 1221 2476 ut'

158 2517 320 2598 vulgatam
349 2484 494 2573 redderet
517 2526 714 2593 suspectam,
748 2514 885 2580 multum
915 2515 1117 2582 laboraverit.
1160 2512 1208 2581 Ae

157 2632 283 2686 tautum
296 2610 451 2698 quidem'
442 2633 476 2673 m
488 2612 596 2697 aprico
612 2629 656 2678 est
670 2616 825 2700 positum,
844 2617 958 2682 salsam
972 2640 1039 2691 esse
1054 2618 1209 2687 lohnsoni

159 2717 428 2789 constructionem
450 2714 623 2779 verborum
649 2717 748 2783 hanc:
785 2724 914 2786 mulcent
933 2727 1085 2807 pecuaria
1109 2729 1207 2788 ιιιαιιί-

159 2830 226 2901 lus,
253 2825 310 2887 sed
333 2833 420 2885 tactu
440 2823 604 2903 impositis,
631 2825 838 2907 nequeenim
861 2827 930 2891 sine
950 2841 1037 2892 tactu
1057 2809 1213 2892 manibus·

156 2928 319 3014 quispiam
348 2922 489 2990 mulcere
516 2939 624 3009 potest.
670 2925 735 2993 Sed
758 2928 855 2994 ollam
883 2949 959 2993 auro
985 2929 1122 3014 plenam
1145 2930 1203 2996 sibi

45 3102 48 3108 ,
74 3109 76 3115 .
154 3031 312 3098 invenisse
334 3029 418 3092 visus
439 3042 484 3093 est
500 3025 717 3109 Burmannus,
741 3034 797 3114 qui
817 3054 919 3115 quum
943 3045 1030 3094 tactu
1050 3047 1081 3098 et
1103 3047 1200 3098 tracto

151 3137 323 3219 scripturas
348 3131 476 3196 vidisset
496 3131 557 3226 ¹hic
584 3132 649 3196 illic
670 3135 712 3197 ab
735 3135 872 3201 librariis
893 3149 1127 3217 commutatas,
1154 3134 1200 3211 vel

153 3250 259 3300 tractu
286 3232 336 3296 vel
365 3239 491 3296 tractim
520 3240 630 3317 positis
658 3241 793 3302 correxit
823 3254 948 3323 praeter
973 3239 1198 3306 necessitatem.

152 3334 297 3425 Simplex
319 3336 406 3400 enim
428 3351 459 3401 et
471 3339 549 3400 satis
564 3341 754 3406 conveniens
767 3340 891 3424 vulgata
906 3357 960 3409 est.
1006 3344 1107 3405 Tacta
1121 3344 1199 3406 mol·

149 3456 217 3506 cent
232 3454 293 3507 est:
315 3439 475 3523 tangendo
489 3439 626 3503 suaviter
639 3438 759 3506 leniunt
772 3442 914 3510 dolorem
931 3459 962 3509 et
973 3449 1112 3509 manibus
1126 3446 1198 3532 qui-

44 3597 46 3602 .
149 3545 225 3608 dem
240 3548 398 3625 impositis.
432 3547 585 3606 Pacuui-ia
601 3543 677 3608 dicit
694 3567 796 3624 canes,
814 3561 848 3609 ut
858 3551 1042 3633 βοσκήματα
1049 3547 1198 3632 Xenoph.

147 3641 264 3732 Cyrop.
288 3644 341 3709 lib.
358 3645 447 3710 Vlll.
491 3646 579 3730 Virg.
600 3642 717 3729 Georg.
741 3649 815 3729 lll.,
837 3651 911 3716 450.
955 3647 1110 3737 Calpurn.
1130 3648 1197 3716 Ed.

147 3747 206 3827 V.,
228 3748 280 3811 80.

246 3901 277 3942 v.
303 3881 377 3943 363.
421 3877 506 3941 Picis
527 3896 724 3963 unguentum
753 3883 959 3948 commendat
986 3880 1068 3947 Plin.
1090 3884 1132 3951 N.
1154 3883 1195 3964 H,

140 3971 278 4058 XXIV„
308 3985 338 4046 7.
367 3993 398 4042 et
427 3978 558 4045 Idaeam
589 3985 711 4068 picem,
750 4007 848 4070 genus
876 3986 1194 4069 praestantissimum,

141 4081 425 4169 VirgiliusIGeorg.
441 4081 513 4167 tlt,
536 4085 609 4154 450.
654 4084 719 4152 Ct'r.
738 4090 824 4156 iulra
837 4110 866 4150 v.
884 4087 957 4153 415.
