2686 4928
1026 360 1139 417 mm

80 573 199 627 totum
241 540 395 642 elogium
431 539 546 634 illud,
586 565 655 633 en,
697 565 804 640 quam
836 562 927 621 reete
959 542 1144 621 cohaerent

84 680 207 761 rerba:

138 850 250 922 Dum
276 863 351 912 non
373 859 519 934 magna
545 837 641 907 ratis
666 877 717 894 -
738 871 789 894 -·

137 980 254 1052 Nune
266 973 443 1068 primum
456 969 525 1040 dat
538 971 623 1040 vela
638 971 735 1041 notra
743 970 1093 1068 portusquefideles

138 1106 300 1205 Linquit
316 1114 354 1176 et
372 1101 598 1176 Hadriacas
612 1103 730 1174 audet
745 1114 892 1173 tentare
901 1106 1099 1196 procellae.

145 1243 207 1312 Tu
230 1238 343 1311 modo
369 1246 435 1306 ete.

96 1398 253 1475 Alterum
274 1418 325 1472 est
347 1413 593 1496 argumentum
609 1393 645 1466 in
659 1393 827 1470 sermonis
848 1389 1071 1494 discrepantia
1092 1394 1145 1469 si-

90 1510 177 1607 tum¹
225 1527 322 1607 Nam
335 1525 474 1605 dicendi
489 1553 599 1626 genus
616 1523 652 1599 in
671 1526 785 1626 elogio
799 1549 832 1602 et
853 1528 891 1601 in
909 1529 1038 1605 relicuo
1062 1555 1142 1603 car-

86 1662 184 1738 mine
203 1661 254 1735 ita
270 1680 321 1736 est
335 1659 527 1751 diversum,
553 1678 592 1731 ut
610 1659 653 1730 ab
670 1679 772 1735 nocte
786 1660 858 1735 dies
874 1690 948 1736 non
969 1664 1048 1755 plus
1070 1660 1143 1735 dis-

87 1798 184 1870 serte
203 1811 318 1886 queat.
359 1787 475 1880 ‘Quod
500 1809 540 1863 ut
560 1788 801 1883 perspiciatur,
827 1787 1014 1883 unicuique
1035 1790 1143 1863 reliu-

92 1951 175 2019 quo
190 1919 369 1995 inbrium.
415 1919 535 2017 Neque
553 1948 636 1996 vero
655 1918 869 2016 loquutionis
884 1920 943 1997 illa
956 1917 1143 1995 differentia

97 2076 174 2130 tam
190 2053 235 2126 ab
248 2050 395 2128 materiae
407 2050 596 2130 diversitate
621 2080 728 2148 quarn
747 2053 791 2129 ab
811 2074 881 2130 arte
899 2076 933 2130 et
952 2052 1144 2130 eruditione

87 2186 233 2264 videtur
244 2185 390 2278 prolecta
404 2211 487 2261 esse.
541 2183 614 2259 Sed
634 2187 718 2260 nolo
739 2184 776 2258 in
790 2185 845 2259 his
860 2185 1039 2263 verbosior
1057 2215 1140 2262 esse.

87 2316 276 2408 Ceterum,
301 2336 343 2388 ut
357 2315 459 2391 etiam
472 2319 572 2392 locus
586 2336 746 2408 exstaret,
771 2312 833 2388 ubi
848 2315 1017 2409 scripserit
1029 2340 1142 2410 poeta,

95 2462 317 2545 versu-2513
348 2475 444 2544 gens
470 2451 602 2543 ampla
634 2453 731 2522 iacet
759 2462 867 2523 tram
897 2451 1023 2521 ardua
1057 2452 1142 2514 Cal-

85 2604 158 2674 pes
178 2573 398 2680 habitationis
413 2564 854 2651 eruendum-testimonium
870 2601 962 2667 esse,
988 2574 1140 2652 Werns-

91 2708 226 2784 dorlius
248 2704 450 2783 existimavit
475 2731 539 2779 sua
564 2702 800 2780 annotatione:
831 2759 853 2795 „
862 2709 1049 2801 Hispani,
1076 2710 1143 2806 qui

96 2843 278 2936 Olympio
300 2842 341 2911 in
365 2838 504 2936 Africa
527 2838 702 2910 scribenti
723 2849 833 2910 erent
852 2848 960 2912 trane
984 2840 1140 2935 Calpen,

93 2999 191 3068 quae
206 2983 262 3044 est
275 2997 353 3044 una
367 2973 628 3045 columnarum
642 2971 863 3045 Herculis“.

190 3173 315 3267 Senno
329 3170 544 3265 Nemetum,
569 3194 609 3246 ut
630 3167 739 3248 verbis
759 3190 836 3246 utar
856 3167 920 3245 lul.
939 3172 1033 3246 Caes.
1052 3170 1142 3246 Sca-

91 3302 191 3404 ligeri
213 3303 406 3407 Hypererit
429 3330 501 3398 cap.
519 3302 613 3396 vlt,
639 3303 807 3380 candidus
839 3326 891 3379 est
915 3331 979 3379 nec
1001 3306 1142 3402 vulgare

93 3461 240 3529 sonans,
266 3437 328 3512 sed
347 3437 467 3512 Gratio
482 3434 625 3512 omnino
644 3434 765 3537 impar.
791 3414 793 3418 Ι
815 3433 859 3512 Et
878 3434 1040 3531 praeclari
1059 3462 1140 3511 ver-

90 3593 154 3640 sus
177 3593 260 3644 sane
280 3568 397 3663 multi,
421 3569 526 3647 veluti
548 3595 659 3665 quum
674 3568 833 3643 Caesares
856 3569 1057 3670 alloquutus
1080 3588 1140 3660 est,

92 3725 168 3774 non
182 3719 318 3800 poterat
331 3729 397 3779 nec
416 3701 603 3805 elegantior
626 3727 692 3776 nec
713 3699 833 3774 elatior
850 3728 932 3775 osse.
981 3700 1023 3773 In
1043 3698 1139 3794 equis

93 3829 199 3904 etiam
213 3832 444 3909 describendis
459 3833 648 3909 admirabili
663 3837 781 3932 lepore
795 3832 934 3906 excellit.
984 3832 1067 3906 Arte
1083 3851 1139 3900 ta-

93 3987 177 4038 men
200 3985 233 4038 et
253 3964 393 4065 ingenio
415 3969 565 4044 multum
588 3969 630 4040 ab
653 3963 773 4043 Granio
793 3987 980 4058 superatur.
1031 3964 1139 4036 Prae-

692 4205 695 4210 *
720 4125 741 4180 C

1302 1500 1330 1595 tt
