2686 4928
507 336 858 415 -tto-

157 552 381 618 Burmannus:
401 543 619 623 mirenturque,
640 543 731 606 rudes
744 546 900 609 sustollere
913 546 948 611 T.
961 571 995 630 p·
1038 545 1108 611 Sed
1121 545 1212 615 nefas

158 676 233 732 me,
256 646 449 733 Olympium
460 643 502 707 ad
515 643 631 727 prioris
643 643 715 711 aevi
729 645 921 729 elegantiam
935 651 1124 732 emendare,
1144 654 1213 739 ipsu

157 754 320 827 annmavit
338 749 554 813 Burmannus.

260 933 290 975 v.
304 903 355 974 36.
398 904 510 970 Ardua
530 904 649 978 mundi,
670 901 812 985 coelum,
836 908 917 970 mals
930 920 1024 982 tent,
1041 908 1064 975 i.
1082 931 1140 975 suo
1151 928 1212 996 pe-

61 998 64 1003 ·
155 1016 257 1085 riculo
276 1022 446 1078 conantem
463 1006 641 1072 ascendere.
682 1005 861 1073 Ardentem
875 1031 949 1074 cum
965 1011 1210 1081 mundoPhae-

155 1125 270 1192 thoma
297 1113 419 1201 Iupiter
444 1109 582 1175 fulmine
607 1109 642 1172 in
667 1109 796 1174 Padum
824 1117 1038 1200 praecipitans
1068 1118 1210 1186 extinxit

155 1229 312 1294 amissum
327 1217 456 1304 Cygnus
468 1213 577 1278 dolens
589 1214 625 1276 in
638 1210 771 1294 olorem,
792 1229 823 1279 et
835 1216 1002 1299 Heliades,
1023 1218 1205 1286 Phaethon-

154 1335 343 1402 tissorores,
367 1323 402 1384 in
419 1318 549 1383 arbores
562 1330 743 1398 vertuntur,
767 1338 853 1402 quae
864 1322 1080 1406 pro'lacrimis
1100 1322 1210 1391 electra

154 1432 284 1502 stillant.
324 1424 401 1488 Vid.
417 1421 516 1488 ovid.
532 1419 615 1486 Met.
630 1421 692 1501 IL,
713 1424 786 1486 811.
800 1444 865 1506 seq.
910 1422 1116 1509 Virgax,
1131 1432 1213 1511 192,

154 1534 303 1625 Cygnum
311 1528 518 1595 aitGanentem
526 1526 612 1587 molli
617 1525 847 1606 plumaduosisse
855 1529 1213 1607 senectamJWernsd.

154 1647 189 1704 in
208 1635 319 1724 sunere
344 1630 395 1698 vel
419 1627 536 1716 funera
561 1625 771 1692 emendatum
803 1643 850 1693 est
877 1629 919 1695 ab
950 1632 1097 1703 Heinsio.
1149 1635 1213 1703 Sed

19 1780 25 1789 .
153 1753 288 1824 utroque
304 1756 380 1801 casu
395 1732 458 1799 dici
464 1735 562 1817 flere,
586 1730 725 1795 ostendit
738 1729 850 1795 Burm.
891 1733 941 1799 lta
960 1737 1100 1822 quidem
1121 1739 1211 1807 abla-

153 1846 240 1912 tivus
262 1835 418 1924 significat
437 1854 597 1914 caussam,
622 1835 901 1919 quemadmodum
919 1863 998 1925 poce
1017 1844 1155 1909 dvenio
1171 1855 1213 1912 est

153 1952 243 2035 pacis
256 1964 379 2016 caussa,
395 1939 480 2024 apud
493 1937 599 2003 Plaut.
615 1935 740 2022 Prolog.
758 1938 920 2026 Amphitr.
933 1966 963 2008 v.
976 1948 1029 2010 32.
1072 1945 1112 2011 ld
1127 1947 1214 2033 quod

152 2044 304 2117 notamus
323 2044 455 2123 iccirco,
482 2042 612 2125 nequis
630 2044 665 2104 in
686 2041 872 2108 huiusmodi
893 2047 1050 2133 exemplis
1069 2070 1214 2137 praepo-

152 2156 302 2220 sitionem
316 2144 423 2214 statim
436 2145 620 2230 corrigendo
633 2146 779 2239 inducat,
800 2148 888 2232 quod
902 2148 982 2216 falso
996 2151 1075 2217 olim
1086 2150 1212 2218 samum

152 2272 201 2323 est
215 2256 255 2320 ab
270 2250 466 2338 quibusdam
480 2251 516 2314 in
530 2247 652 2316 verbis:
677 2254 764 2315 vities
778 2256 973 2337 repudiatum
994 2267 1036 2321 est
1075 2240 1143 2320 Cic.
1161 2254 1205 2320 de

151 2360 233 2446 regg.
251 2358 329 2435 ιιι,
351 2358 381 2421 r.
403 2355 431 2438 s.
457 2351 507 2418 ιε.

257 2515 289 2556 v.
307 2493 358 2554 39.
401 2486 648 2557 Tantalidarum
666 2503 697 2552 et
712 2487 940 2575 Pelopidarum
962 2512 1064 2577 genus
1083 2492 1210 2558 uatibus

150 2593 318 2662 horrendis
332 2605 362 2655 et
375 2590 547 2656 sceleribus
563 2589 702 2655 infamis.
746 2591 797 2655 Eo
813 2597 950 2678 pertinet
962 2594 1096 2683 Pelops,
1117 2595 1211 2660 Tan-

150 2697 208 2764 tali
220 2696 323 2776 filius,
346 2716 367 2759 a
384 2709 473 2780 patre
485 2692 557 2757 Diis
571 2696 732 2778 appositus
747 2695 853 2779 epulo,
875 2720 975 2763 coena
983 2696 1157 2787 Thyestea,
1181 2715 1211 2766 et

150 2814 280 2888 propter
294 2819 367 2864 eam
383 2797 430 2864 sol
445 2818 587 2876 aversus,
618 2810 766 2881 stuprum
781 2795 1067 2887 Clytaemnestra,
1097 2803 1210 2870 caedes

149 2902 405 2990 Agamemnonis
426 2915 458 2967 ct
469 2899 628 2984 Aegisthi,
650 2914 681 2964 et
696 2900 818 2969 Orestis
840 2925 948 2983 casus,
977 2921 1009 2971 et
1029 2907 1209 2994 aliapoetis

148 3007 339 3092 tritissima]
363 3004 549 3070 Wernsd.
603 3001 695 3068 Olim
726 3007 939 3090 praebuerunt
955 3015 1075 3092 prioris
1094 3031 1207 3076 omues

148 3111 233 3178 iibri.
276 3110 487 3177 Probabiliter
498 3113 620 3191 priores
632 3111 775 3194 reposuit
789 3109 937 3177 Heinsius
950 3135 1022 3177 cum
1039 3113 1204 3179 Burman-

71 3281 74 3286 ,
150 3236 210 3294 no,
233 3215 336 3298 (quod
364 3214 485 3298 alioqui
512 3216 617 3276 dixere
643 3217 835 3297 praegressis
864 3238 980 3300 parum
1011 3218 1201 3283 conveniret.

149 3317 261 3403 Itaque
281 3319 392 3384 Burm.
415 3322 534 3399 generis
553 3317 674 3400 accepit
687 3339 762 3401 pro:
785 3316 1029 3385 Tantalidarum
1043 3321 1097 3386 vel
1111 3320 1204 3386 Pelo-

148 3423 316 3506 pidarum,
345 3446 383 3489 ex
406 3444 546 3508 quorum
569 3439 684 3503 genere
707 3419 769 3485 fuit
783 3419 1008 3506 Agamemnon
1031 3438 1064 3488 et
1086 3422 1204 3490 Mene-

148 3523 237 3606 laus,
260 3531 348 3611 prior
365 3529 483 3593 occisus
498 3524 541 3588 ab
558 3519 821 3610 Clytaemnestra.

252 3702 283 3747 v.
300 3686 353 3750 ta.
398 3685 571 3754 Colchidos,
599 3677 755 3759 Medeae,
785 3700 923 3745 munera
942 3680 1075 3747 venenis
1095 3687 1203 3758 saort,

148 3784 172 3850 i.
192 3786 317 3870 magico
336 3789 401 3852 ritu
422 3784 588 3863 conlectis,
615 3783 740 3848 imbuta
764 3781 928 3863 Glaucae,
957 3783 1065 3848 lasoni
1085 3787 1201 3852 marito

148 3911 206 3954 suo
222 3888 371 3972 nubenti,
391 3893 505 3968 missa,
526 3885 640 3971 quibus
655 3890 789 3974 acceptis
803 3888 873 3971 ipsa
891 3900 924 3951 et
937 3900 1005 3951 tota
1018 3890 1110 3972 regia
1123 3910 1200 3956 oon·

147 3994 300 4079 flagravit.
354 3993 473 4063 Narrat
497 3992 578 4080 Hyg.
610 3988 677 4057 fab.
707 3990 760 4058 25.
793 4006 824 4056 et
846 3990 999 4078 Apollod.
1021 3993 1049 4061 l.
1077 4015 1112 4080 p.
1132 3989 1198 4076 ὀᾶ]

146 4095 337 4166 Wernsd.

1100 4201 1131 4247 v.
1145 4176 1191 4247 ii.
