2686 4928
257 332 368 384 xxvm

257 504 344 586 num
362 497 518 616 Thyrsin
547 508 653 586 fuisse
683 531 816 587 constat
840 511 910 589 Ecl.
934 510 1026 588 VIII.
1051 541 1082 589 v.
1109 528 1164 591 11.
1194 534 1299 610 atque

252 643 424 746 imprimis
445 642 668 719 Meliboeam.
690 643 773 719 ibid.
788 674 819 719 v.
838 657 892 722 15.
910 661 967 722 60.
1018 643 1081 720 Ille
1096 645 1199 746 igitur
1208 646 1299 722 Me»

254 777 388 850 liboeus
404 803 476 850 non
492 775 677 878 Olympius
693 775 937 870 Nemesianus,
960 777 1022 852 sed
1037 779 1198 878 magister
1212 781 1297 853 offi—

253 907 388 982 ciorum
403 905 525 1009 aliquis
538 906 620 998 fuit,
642 928 682 981 ut
695 908 914 1009 probabiliter
928 910 1129 986 monstravit
1142 913 1296 1021 Werns-

253 1040 385 1114 dorfius
408 1039 502 1113 Poet.
524 1037 565 1110 L.
587 1039 636 1112 M.
652 1041 697 1112 Τ.
714 1039 756 1111 II.
783 1070 817 1140 p.
838 1056 870 1118 8.
891 1068 967 1142 sqq.
1018 1043 1182 1117 Ceterum
1203 1044 1295 1117 Caro

251 1199 292 1249 ac
310 1168 525 1244 Numeriano
547 1170 635 1244 adeo
655 1169 827 1244 santiliaris
848 1171 914 1289 suit
932 1172 1137 1276 Olympius,
1162 1196 1293 1249 utnon

250 1306 366 1377 solum
381 1301 522 1376 laudem
537 1301 724 1376 Caesarum
738 1301 929 1402 magnifico·
939 1300 983 1377 sit
999 1305 1184 1406 praeconio
1204 1334 1293 1407 pro-

249 1454 435 1536 sequutus,
471 1433 656 1508 sedetiam
679 1458 762 1508 cum
783 1433 1015 1530 Numeriano,
1047 1437 1232 1512 litterarum
1259 1459 1293 1514 ct

241 1565 462 1669 ,eloquentiae
476 1564 739 1660 studiosissimo,
760 1595 862 1644 versu
875 1594 978 1669 saepe
994 1569 1229 1666 contenderet-5
1252 1569 1291 1648 id

248 1700 348 1801 quod
361 1697 503 1793 Vopisci
513 1697 748 1772 testimonium
764 1701 896 1800 probat.

250 1881 254 1886 ‚
294 1878 296 1883 ,
330 1829 523 1926 'ScripsiSse
558 1829 806 1906 Nemesianum
839 1833 1007 1925 directanei,
1045 1836 1216 1926 sarrraceni
1251 1856 1287 1909 et

244 1973 387 2055 ναυτικά,
408 1984 678 2038 commemorant
691 1963 864 2065 Vopiscus
879 1985 929 2057 et,
952 1965 1014 2060 qui
1027 1966 1183 2068 sequitur
1194 1995 1287 2062 enm,

244 2103 366 2177 Petrus
389 2094 540 2172 Crinitus
564 2095 607 2170 de
628 2093 738 2195 poetis
760 2093 895 2168 Latinis
912 2122 985 2196 cap.
1010 2111 1067 2174 82.
1116 2097 1235 2193 Idem,
1266 2127 1288 2172 a

243 2233 372 2308 Ioanne
391 2226 559 2303 Boccacio
581 2225 674 2302 citari
694 2225 768 2301 eius
789 2226 993 2319 versiculos,
1017 2227 1202 2303 memoriae
1224 2258 1287 2306 ere·

239 2375 330 2457 rore,
351 2382 391 2435 ut
403 2358 536 2435 videtur
549 2359 811 2452 Wernsdorfio,
833 2358 1017 2434 contendit
1065 2358 1201 2433 Eorum
1213 2360 1286 2461 igi-

240 2519 299 2571 tur
320 2494 460 2565 nullum
486 2506 592 2560 exstat
614 2505 746 2586 praeter
770 2488 1016 2589 cynegetieum
1065 2491 1121 2565 De
1144 2492 1281 2569 nautico

239 2654 285 2701 ne
307 2618 490 2697 memoriae
510 2615 653 2718 quidem
671 2592 836 2691 traditum
858 2618 1047 2721 quicquam
1068 2644 1127 2696 est.
1176 2624 1277 2699 Hali.

234 2757 431 2836 euticorum
443 2771 558 2824 tamen
573 2747 771 2824 Nemesiani
788 2753 979 2851 fragmenta
994 2775 1123 2830 exstare
1141 2755 1178 2830 in
1200 2785 1280 2831 car-

237 2890 347 2983 mine,
371 2883 470 2982 quod
487 2881 620 2984 primus
641 2908 662 2953 a
683 2882 834 2958 Sertorio
846 2870 1097 2973 'Quadmnano
1118 2916 1137 2962 e
1160 2889 1280 2966 codice

234 3018 462 3104 vetustissimo
478 3013 656 3116 descripsit
667 3013 842 3119 ediditque
855 3016 1090 3130 Hieronymus
1105 3021 1279 3095 Columna

234 3158 270 3229 in
286 3148 530 3230 commentario
545 3148 591 3222 ad
604 3145 707 3222 Ennii
720 3143 910 3248 fragmenta
927 3180 963 3252 p.
983 3163 1082 3245 153„
1108 3142 1276 3253 quodque

233 3284 377 3364 seorsim
409 3310 491 3356 cum
521 3277 660 3354 scholiis
688 3281 875 3378 vidganmt
901 3282 1005 3356 Conr.
1036 3283 1209 3356 Gesnerus
1244 3311 1273 3355 a.

236 3432 342 3498 1556.
365 3437 398 3491 et
418 3391 563 3505 Utrius',
600 3411 792 3507 suspicatur
820 3412 1081 3489 Wemsdorfius
1115 3414 1271 3488 TomI

232 3551 327 3626 Poet.
341 3551 416 3621 Lat.
428 3545 514 3620 Min.
528 3574 562 3646 p.
579 3553 676 3640 148.;
698 3544 736 3617 in
751 3545 872 3620 eadem
886 3520 938 3619 est
950 3542 1112 3618 sententia
1127 3545 1271 3621 Modius

232 3678 440 3775 Novantiqu.
454 3681 528 3752 Iect
543 3674 638 3777 epist
651 3673 763 3776 XVII.
813 3674 904 3748 Eum
919 3673 1060 3769 quidem
1068 3678 1269 3773 Sertorium,

231 3813 411 3891 hominem
432 3800 691 3882 fraudulentum
706 3805 785 3878 satis
808 3827 911 3900 atque
926 3806 1140 3909 imperitum,
1163 3837 1267 3884 com-

231 3945 385 4044 posuisse
405 3969 510 4018 suum
530 3965 666 4028 carmen
680 3965 722 4016 ex
737 3936 908 4016 Ovidiano
923 3942 1120 4036 vetustiore,
1151 3944 1266 4018 admi-
