2686 4928
522 363 847 438 ...oo-.-

157 563 319 630 Salmasio
346 559 512 646 astipulari
540 582 600 647 pro
626 567 735 625 aestivi
757 565 876 646 Canopi
905 566 1074 648 corrigenti
1089 563 1208 650 festivi.

158 668 292 752 Quippe
310 671 429 728 aestiva
442 665 531 749 regio
544 680 638 728 tenue
654 665 804 750 efflagitat
819 669 1054 735 vestimentum.
1099 671 1210 752 ltaque

157 771 273 839 Nilum
290 771 438 832 aestivum
458 767 597 853 appellat
618 764 813 834 Claudianus
834 771 867 832 in
887 769 962 834 Rus.
978 771 1020 850 l.‚
1045 769 1117 835 185.
1133 792 1209 856 per·

157 896 270 963 peram
285 870 366 934 olim
379 868 542 934 aBarthio
556 870 742 937 intellectus.
789 872 962 938 Sacrorum
976 874 1209 938 verossubasti·

157 1000 268 1044 corum
284 976 444 1038 rationem
466 992 504 1036 ex
525 970 687 1037 Herodoto
708 973 764 1037 lib.
788 974 829 1040 Il.
854 999 881 1041 c.
898 976 950 1043 59.
973 975 1056 1041 hanc
1076 975 1208 1043 habeto:

155 1077 394 1203 πανηγυρίζουσι
414 1079 448 1140 di
463 1075 635 1158 Αἰγύπτιοι
652 1073 708 1141 erin
729 1076 813 1154 ἅπαξ
834 1085 889 1144 τοῦ
908 1079 1058 1146 ἐνιαυτοῦ.
1076 1114 1123 1129 -
1144 1082 1208 1164 pe-

154 1194 243 1252 λιστα
255 1184 313 1266 μὲν
328 1204 382 1244 και
370 1176 656 1260 προθυμότατα
641 1203 674 1254 ες
690 1180 871 1264 Βούβαστιν
887 1185 977 1248 πόλιν
989 1210 1025 1272 τη
1012 1179 1207 1270 Ἀρτέμιδι,

155 1282 335 1370 devincenda
357 1280 510 1362 Βούσιριν
530 1281 621 1347 πόλιν
643 1286 681 1372 τῇ
694 1280 770 1348 ”.Ιοι
792 1318 837 1333 ·-
858 1284 892 1349 ἐν
912 1310 1006 1374 ταυτη
1029 1279 1100 1412 γὰρ
1115 1280 1208 1364 ὁῆ”
1172 1312 1207 1375 τη

154 1387 257 1458 πόλι
244 1389 311 1453 εστὶ
326 1383 474 1468 μέγιστον
483 1379 615 1458 ’laroc‘
601 1385 687 1468 ιρόν
713 1385 839 1472 ἵδρυται
860 1384 933 1452 δὲ
913 1413 931 1466 η
955 1388 1093 1463 πόλιςς
1058 1386 1135 1468 ου’τη
1155 1395 1207 1468 τῆς

154 1492 320 1579 Αἰγύπτου
335 1485 369 1552 ἐν
385 1488 471 1574 μέσῳ
487 1491 533 1573 τῷ
545 1485 675 1552 Δέλτο.’
676 1484 749 1564 'lore
763 1488 829 1554 de‘
814 1512 881 1555 εστι
895 1483 971 1554 anmi
991 1483 1046 1569 την
1057 1488 1206 1570 Ἑλλήνων

153 1603 296 1685 γλῶσσαν
328 1590 487 1674 Δημήτηρ.
508 1621 553 1639 -·
595 1588 689 1654 Teste
712 1591 825 1654 eodem
848 1592 1012 1657 Herodoto
1036 1593 1092 1661 lib.
1116 1594 1157 1657 ll.
1179 1616 1204 1659 c.

155 1700 229 1769 156.
251 1693 392 1761 Artemis
400 1689 563 1778 Aegyptiis
578 1688 786 1758 estBubastis.
832 1696 960 1760 Ibidem
976 1719 1043 1780 cap.
1059 1703 1112 1762 60.
1125 1696 1203 1760 ube-

65 1862 68 1867 .
152 1803 220 1869 rius
237 1797 415 1883 explicatur
434 1795 532 1860 Isiaca
552 1795 764 1875 sollemnitas,
786 1821 884 1882 quarn
906 1799 1040 1863 clroricis
1059 1799 1206 1862 saltatio·

152 1909 248 1972 nibus
257 1900 419 1984 imprimis
436 1896 629 1962 celebratam
644 1899 761 1965 seimus
774 1900 953 1988 (ὀρχέονται
968 1901 1204 1987 ap.llerodot.).

150 2009 221 2086 En,
245 2005 417 2086 sonipedem
432 2004 552 2063 larbam
568 1999 665 2067 habes
682 2004 889 2087 explicatam,
908 2027 1006 2089 quam
1024 2009 1205 2090 tripudian-

150 2125 213 2176 tem
230 2107 281 2170 vel
295 2106 491 2171 τοδόκτυτιον
511 2123 585 2166 vere
604 2102 780 2171 Salmasius
801 2110 1023 2192 interpretatur
1037 2110 1081 2172 ad
1102 2109 1203 2175 Solio.

151 2238 184 2300 p.
198 2214 273 2277 702.
286 2207 488 2290 nimiumque
502 2205 612 2290 procul
626 2206 784 2275 iudicabis
800 2232 819 2273 a
837 2232 912 2274 vero
929 2212 1038 2275 abesse
1053 2232 1127 2293 eos,
1147 2214 1201 2296 qui

151 2317 192 2384 de
208 2332 364 2400 equorum
384 2309 490 2374 sonitu
509 2309 773 2396 quadrupedante
794 2316 974 2396 cogitarent.
1019 2314 1145 2380 Scilicet
1161 2316 1196 2379 in

150 2416 312 2486 eiusmodi
337 2413 435 2480 sacris
465 2411 685 2477 instrumentis
712 2413 925 2499 quibusdam,
961 2419 1198 2500 quaeseolilla

149 2522 320 2598 vocabant,
357 2513 490 2600 pedibus
510 2510 681 2578 subiunctis
704 2514 814 2582 lestivo
844 2533 934 2583 motu
960 2521 1053 2585 edere
1082 2542 1201 2587 sonum

108 2678 112 2684 .
149 2632 390 2691 consueverunt.
435 2614 525 2698 Quin
545 2616 643 2678 etiam
663 2615 786 2684 serrum
807 2619 922 2704 plantis
942 2640 1009 2687 erat
1023 2624 1198 2705 subditum,

148 2749 247 2793 sonus
265 2738 300 2787 ut
312 2717 451 2784 vividior
470 2713 567 2782 lieret.
613 2719 726 2804 ltaque
748 2725 783 2787 in
806 2723 1012 2791 describenda
1031 2726 1195 2792 saltatione

147 2831 209 2898 ista
221 2830 367 2912 σιόηροῠν
380 2818 522 2903 ὑπόδημα
536 2841 555 2886 e
568 2815 715 2887 Lucieno
730 2840 804 2910 apte
819 2844 1052 2894 commemorat
1061 2829 1197 2896 Salmas.

145 2932 167 2998 l.
183 2931 205 2998 l.
248 2929 417 2996 Praeterea
433 2926 589 3007 Canopus,
617 2945 716 3011 prope
729 2925 799 2993 Nili
813 2934 930 2996 ostium
945 2949 1039 3016 atque
1052 2931 1197 3000 Alexan-

146 3035 254 3100 driam
280 3032 356 3108 sita,
386 3050 487 3113 quam
518 3028 683 3111 aCanopo
711 3029 821 3094 dicunt
841 3032 984 3100 Menelai
1013 3039 1196 3121 navigatore

146 3134 326 3212 conditam,
346 3133 590 3196 Heracleoticum
609 3152 735 3216 quoque
749 3136 864 3198 ostium
878 3140 1061 3202 vocabatur.
1104 3136 1195 3203 Con-

144 3236 194 3304 fer
206 3235 348 3299 Plinium
366 3230 407 3295 N.
422 3231 460 3294 ll.
476 3232 533 3309 V„
555 3237 624 3311 31„
654 3232 803 3299 Vossium
824 3239 866 3301 ad
886 3240 973 3324 Virg.
998 3237 1118 3323 Georg.
1137 3241 1193 3308 IV.

143 3363 174 3424 p.
190 3341 266 3404 830.
308 3334 457 3416 Denique
470 3334 546 3416 ipsis
560 3335 672 3400 incolis
686 3340 903 3422 appellitatam
925 3342 1021 3410 luisse
1038 3346 1192 3409 Canobum

48 3474 51 3481 ·
144 3439 362 3526 Quintilianus
374 3451 421 3501 est
437 3451 545 3500 auctor
562 3436 603 3516 1.‚
625 3436 671 3516 5.,
697 3445 747 3504 13.

246 3580 276 3624 v.
299 3555 352 3622 44.
372 3552 424 3619 45.
470 3558 599 3618 Praeter
620 3563 769 3620 materiae
789 3565 931 3623 inertiam
957 3566 1067 3627 nimias
1096 3568 1192 3626 etiam
1228 3620 1232 3629 ,

142 3661 261 3726 candor
275 3681 292 3721 e
305 3659 464 3740 longinquo
480 3670 610 3719 exterret
624 3661 742 3722 bestias.
786 3661 996 3729 Proverbium
1013 3665 1088 3729 hinc
1102 3664 1191 3751 apud

142 3762 241 3828 Ovld.
262 3761 357 3825 Rem.
372 3759 448 3823 Am.
463 3761 552 3824 616.:
589 3763 675 3843 Quae
697 3768 786 3824 nimis
808 3782 961 3849 apparent
982 3774 1079 3850 retia,
1108 3776 1192 3833 vitat

139 3872 216 3932 avis.
266 3861 370 3947 Quasi
404 3861 633 3944 praetereundo
666 3881 811 3931 notamus
840 3891 931 3933 versu
959 3869 1011 3936 45.
1041 3878 1189 3936 exterruit

139 3968 346 4055 praeteritum
359 3985 417 4049 pro
434 3965 549 4028 aoristo
564 3965 713 4050 positum.
757 3968 806 4033 Ita
820 3973 906 4054 apud
923 3970 1074 4037 Gratium
1089 3996 1120 4038 v.
1134 3979 1187 4042 89.

138 4073 214 4143 417.
242 4069 300 4139 Sil.
323 4067 394 4136 ltat
417 4067 475 4148 lt,
497 4065 571 4136 674.
614 4064 752 4155 Copiarn
779 4074 1001 4161 exemplorum
1031 4081 1186 4161 congessit
