2686 4928
588 342 935 451 “¹0²‘'-

244 557 291 628 1..
311 548 343 617 8.
386 543 781 629 Plutarch.Quaest.Rom.
797 568 826 629 p.
845 551 915 611 117.
930 542 1093 611 edlieislt.
1108 567 1159 631 ap.
1167 543 1289 632 Gierig.

242 653 285 718 ad
309 648 405 717 ovid.
432 646 515 712 Fast.
539 649 583 728 l.,
614 653 687 714 668.
731 647 819 732 Quid
839 651 924 730 quod
951 651 1056 714 asinos
1082 651 1140 714 isto
1168 652 1291 717 honore

241 757 380 838 insignes
396 750 473 815 lacit
493 749 631 835 Propere
651 749 724 829 IV.,
750 757 792 826 1.‚
815 756 867 817 21.
911 748 1059 818 Ceterum
1076 753 1132 819 cir.
1147 754 1292 820 Statium

244 858 318 941 l.,l.=
336 858 410 940 Ipso
424 867 551 918 coronat
565 856 717 919 Emeritos
731 855 836 918 Diana
852 877 941 918 eones
960 870 1018 921 etc.

346 1031 376 1077 v.
390 1009 466 1076 486.
489 1011 587 1072 medio
601 1014 632 1070 in
646 1011 772 1072 disonl.
793 1008 904 1072 inillis
920 1012 1085 1094 compitis,
1112 1032 1197 1094 quae
1216 1034 1289 1075 mo-

243 1117 293 1185 liti
307 1113 424 1182 suntin
441 1111 529 1192 luco,
555 1135 612 1195 per
624 1110 675 1176 vel
689 1113 772 1176 inter
776 1115 890 1196 flores,
912 1114 1025 1198 quibus
1038 1115 1178 1178 humum
1193 1138 1289 1200 spar—

246 1232 373 1297 serunt,
404 1229 542 1280 strauere
561 1237 667 1293 arma,
697 1235 792 1281 omne
821 1217 1067 1282 instrumentum
1088 1222 1286 1308 venatorium

245 1337 319 1391 ante
332 1319 439 1385 Deam
453 1317 621 1397 collocant,
642 1323 739 1381 sacris
754 1333 782 1380 et
794 1342 871 1404 poce
885 1344 952 1383 vac.
962 1320 1046 1405 sesto
1058 1324 1080 1384 i.
1096 1343 1123 1387 e.
1143 1344 1209 1384 non
1222 1323 1288 1386 iam

244 1423 446 1492 adhibentur.
490 1425 558 1487 Pau
576 1442 633 1504 pro
654 1421 827 1486 feriatione.
856 1423 933 1489 Stat.
950 1423 1026 1490 silv.
1046 1425 1122 1504 tv,
1147 1424 1197 1505 4.,
1225 1428 1291 1491 to:

247 1542 277 1593 et
289 1550 394 1611 pacem
407 1531 496 1611 piger
511 1548 607 1587 annus
621 1526 734 1601 trata]
749 1525 937 1592 Wernsd.

244 1715 246 1719 ⁷
349 1704 379 1745 v.
399 1680 473 1747 488.
522 1680 620 1743 Viridi
635 1677 697 1762 fer.
743 1679 861 1745 ferculo
877 1703 915 1745 ex
934 1679 1029 1743 viridi
1049 1680 1166 1747 fronde
1189 1685 1291 1752 fabri-

247 1802 332 1866 rato,
352 1799 389 1849 ut
405 1785 515 1859 corbe,
536 1781 668 1861 fiscella,
684 1781 841 1866 fumantia
854 1800 932 1848 tosta
947 1783 996 1847 vel
1009 1799 1105 1850 cocta.
1151 1793 1292 1855 Praeve-

246 1897 348 1964 oiunt,
370 1884 604 1973 praeferuntur,
629 1902 787 1968 praeeunt.
832 1889 929 1972 lgitur
950 1909 1104 1971 pompam
1121 1890 1245 1960 ducere
1266 1910 1293 1958 et

245 1991 414 2062 circumire
432 1986 591 2066 solebant,
613 2002 648 2050 ut
666 1990 894 2055 inlustratione
908 1994 1080 2077 agrorum]
1102 1991 1292 2064 Wernsd.

245 2096 300 2162 De
311 2097 379 2158 libis
390 2093 517 2176 (φθοῖς)
527 2090 583 2156 clr.
599 2085 710 2157 Caton.
723 2088 798 2174 Agr.
812 2091 865 2158 75.
909 2091 1006 2158 Ovid.
1020 2093 1104 2162 Fast.
1120 2096 1194 2178 lll.,
1216 2104 1290 2166 733.

245 2199 356 2284 ibique
376 2195 522 2280 interprr.

351 2379 380 2421 v.
394 2352 468 2420 489.
510 2354 683 2416 Eatrudens
702 2373 831 2427 cornua,
854 2364 889 2416 ut
902 2351 1127 2422 HoratCarm.
1139 2355 1213 2438 lll.,
1234 2363 1284 2426 15.

249 2465 298 2528 cui
310 2457 396 2544 {roas
412 2457 537 2533 turgido
559 2458 704 2520 cornibus.
751 2459 829 2519 Tota
843 2461 993 2533 iuuentus,
1014 2475 1176 2526 venatores
1191 2482 1290 2548 aeque

249 2584 289 2627 ac
304 2578 412 2636 canes,
434 2567 469 2618 ut
479 2576 570 2620 versu
584 2560 656 2622 330.
699 2562 864 2633 Proerna,
884 2559 915 2623 h.
932 2584 989 2645 pro
1004 2562 1090 2628 felici
1106 2565 1203 2632 huius
1217 2572 1294 2635 anni

250 2683 348 2751 opera
361 2675 393 2726 et
409 2658 527 2744 praeda
546 2677 564 2722 e
580 2659 721 2742 venatu]
741 2658 928 2728 Wernsd.
971 2665 1020 2729 lta
1038 2667 1173 2752 quidem
1193 2676 1293 2742 omnis

162 2847 168 2855 ,
249 2769 313 2833 ista
328 2761 481 2830 sententia
495 2763 634 2825 nimium
651 2778 807 2845 quantum
825 2766 990 2833 redundat.
1034 2771 1211 2841 Praeterea
1225 2800 1293 2843 ver·

250 2871 311 2940 ba:
333 2871 419 2932 lustr.
434 2868 465 2930 d.
481 2890 519 2931 m.
534 2871 617 2929 sacri
637 2885 692 2950 per
711 2886 744 2929 se
760 2887 797 2929 ac
809 2884 937 2951 propter
958 2893 990 2934 se
1005 2873 1046 2936 ad
1064 2874 1192 2943 Diania
1209 2904 1289 2946 sacra

250 2970 363 3038 referri
376 2982 544 3056 nequeunt.
586 2966 806 3051 Quamobrem
822 2970 907 3036 huno
920 2987 949 3036 et
961 2993 1150 3056 sequentem
1166 3006 1289 3049 versum

231 3070 507 3142 ..adambarvalia
528 3071 676 3154 equidem
700 3070 834 3135 arbitror
858 3088 1007 3158 spectare.
1058 3082 1136 3146 Vota
1158 3108 1219 3150 cur
1238 3109 1285 3174 pro

249 3190 319 3242 tota
335 3175 455 3241 dederit
466 3173 549 3240 Dan.
564 3173 726 3254 Heinsius,
746 3195 810 3237 non
828 3178 1021 3262 perspicitur.

196 3430 199 3438 .
354 3368 383 3411 v.
398 3341 601 3411 t9e.-496.
643 3347 773 3429 ltaque,
794 3369 1004 3433 quaecunque
1021 3353 1053 3415 in
1069 3351 1129 3418 hac
1147 3374 1240 3440 parte
1254 3358 1285 3423 de

254 3449 383 3517 canibus
400 3463 600 3534 exposuerat,
621 3448 791 3532 relligionis
808 3473 893 3515 nunc
907 3455 1044 3536 imagine
1064 3459 1184 3524 iterum
1196 3439 1286 3528 'com-

252 3552 491 3637 prehenduntur
524 3566 553 3615 et
587 3553 678 3635 quasi
712 3554 929 3619 terminantur.
983 3556 1141 3641 Virginis,
1180 3567 1287 3650 inquit,

252 3650 380 3718 Dianae
400 3653 458 3718 sub
480 3655 627 3736 auspiciis
651 3655 739 3717 labor
762 3659 865 3719 omnis
887 3663 1064 3724 venatorius
1087 3664 1178 3730 Tuus
1197 3668 1287 3734 floret.

251 3756 412 3823 Ordinem
432 3758 598 3820 verborum
623 3757 728 3841 paullo
755 3758 979 3825 intricationem
1010 3763 1127 3829 habeto
1158 3769 1288 3837 huncce:

252 3862 355 3927 Multa
369 3862 524 3940 respondet
540 3865 711 3942 adportes,
734 3885 759 3941 q.
773 3886 804 3942 p.
821 3886 847 3926 o.
864 3888 914 3928 scu
934 3901 977 3916 —
994 3901 1039 3915 -
1058 3876 1157 3950 prior,
1193 3878 1284 3956 Virgo,
1330 3836 1333 3943 l

250 3979 305 4028 tuo
325 3967 341 4041 (
341 3970 360 4026 ι’.
376 3985 400 4026 r.
415 3969 583 4043 venatoris)
593 3965 676 4047 fides
688 3965 846 4048 tutelaque.
869 4003 911 4018 -
934 3975 1104 4054 Respondet
1122 3980 1168 4038 ad
1186 3993 1285 4060 partes

253 4082 310 4132 etc.
328 4080 389 4134 est:
408 4065 454 4131 eis
467 4064 623 4152 partibus,
644 4086 707 4152 qua
719 4070 820 4151 poscis
834 4092 944 4157 opem,
967 4071 1093 4142 felicem
1112 4102 1284 4151 successum
1331 4120 1333 4157 ᾗ

1329 4222 1333 4281 l
