2686 4928
107 158 113 237 't

107 302 111 333 I

509 390 832 465 ...ω-..-

104 674 107 681 ,
154 595 258 666 Graev.
277 594 383 662 Lectt.
406 595 534 661 Hesiod.
556 615 582 659 c.
603 592 635 658 5.
677 587 812 659 casaub.
832 590 875 655 ad
894 589 1063 678 I’ers.lI.‚,
1077 591 1108 659 5.
1130 594 1192 659 vid.

95 744 100 779 ,
148 701 270 791 Rupere.
285 701 330 766 ad
347 699 407 764 SiI.
425 699 445 762 I.
458 698 480 764 I.
498 694 642 762 Gronov.
657 694 698 760 ad
721 692 795 761 Liv.
810 693 931 759 XXIX.
953 717 980 758 c.
994 698 1046 759 27.

241 895 273 941 v.
295 872 350 939 46.
392 869 568 952 Perperam
594 864 750 932 laboravit
776 862 928 929 Barthius
955 865 990 926 in
1009 879 1193 948 paupertate

145 976 284 1056 mnodis,
307 992 382 1039 cum
394 970 593 1049 Alabandae,
615 965 730 1034 Cariae
743 966 840 1046 urbis,
860 965 1081 1032 effeminatam
1094 967 1192 1033 quu-

142 1081 221 1143 tiam
239 1088 409 1163 cognosset
430 1095 449 1161 e
473 1071 628 1137 Strabone
652 1072 740 1137 XIV.
763 1094 793 1154 p.
815 1074 907 1150 ont,
934 1084 1029 1156 atque
1051 1085 1194 1136 notatam

140 1182 279 1248 eandem
302 1180 437 1244 vidisset
458 1198 478 1242 a
499 1174 643 1239 quenali
665 1175 731 1240 Sat.
751 1173 809 1237 III.
832 1192 862 1238 v.
884 1174 938 1240 70.
989 1172 1093 1258 Quasi
1117 1197 1194 1240 vero

138 1288 177 1349 in
204 1284 318 1369 agresti
342 1279 475 1346 custode
497 1299 563 1342 non
590 1278 686 1363 possit
710 1276 833 1360 egentia
854 1276 1007 1342 inveniri!
1050 1277 1194 1343 Plinium

144 1387 237 1451 iubet
257 1380 499 1450 Wernsdortius
521 1379 658 1444 conferri
682 1379 725 1444 N.
750 1380 791 1443 II.
819 1379 906 1461 XIX.
935 1403 961 1445 c.
985 1382 1032 1447 9.:
1067 1385 1194 1466 Optima

147 1492 340 1555 Alabandica
353 1483 536 1571 (cannabis)
549 1486 715 1567 plagarum
729 1489 895 1569 praecipue
907 1486 1013 1550 usibus.
1057 1484 1174 1553 Porro:

246 1682 280 1724 v.
294 1658 348 1724 47.
363 1658 417 1725 48.
433 1654 487 1723 49.

497 1805 542 1822 -
563 1795 653 1857 quam
675 1775 833 1836 commoda
854 1788 957 1838 nostro

256 1881 454 1973 Armatomta
475 1882 580 1960 operi:
611 1881 718 1956 gravis
739 1889 783 1940 est
803 1879 901 1939 tutela
921 1880 976 1940 scd
996 1876 1067 1953 illis,

262 1983 292 2044 Τ
291 2003 313 2041 ιι
333 1979 403 2042 ticet
419 1982 599 2044 Haemonios
621 1981 760 2044 includas
780 1973 909 2044 sentibus
930 2001 1023 2046 ursos.

143 2149 352 2235 Transmpsi
363 2146 473 2233 ve'rha,
493 2168 530 2216 ut
543 2149 894 2237 apudWernsdorfium
908 2152 1065 2237 leguntur.
1100 2151 1199 2238 Quo-

139 2281 217 2325 mm
240 2255 329 2319 hanc
346 2268 436 2338 putat
456 2277 521 2320 esse
542 2255 732 2320 sententiam
752 2254 917 2320 Barthius:
938 2261 1100 2321 utt'lissima
1114 2265 1198 2322 nobis

143 2377 212 2429 emt
235 2370 432 2423 armamenta
447 2356 540 2439 (ὅπλα
560 2355 645 2440 apud
661 2355 803 2442 Oppian.
822 2352 938 2444 Cyneg.
953 2358 995 2438 I.,
1019 2360 1123 2441 tte),
1145 2365 1199 2423 sed

101 2538 105 2547 ¹
150 2489 212 2529 non
226 2463 321 2550 facile
342 2481 381 2524 ea
400 2482 422 2522 a
439 2467 542 2537 vitiis,
569 2482 694 2546 quorum
715 2466 845 2545 capacia
866 2475 951 2538 sunt,
980 2466 1198 2530 custodiuntur.

99 2550 102 2557 ¹
154 2566 345 2634 praeteriens
370 2577 448 2629 nota
479 2578 672 2628 armamenta
698 2566 849 2630 vocabuli
878 2587 972 2632 usum
1001 2566 1042 2632 de
1071 2566 1202 2636 funibus

148 2687 378 2758 saepenumero
398 2667 451 2732 vel
470 2666 654 2732 rudentibus
669 2670 800 2733 nauticis
819 2671 902 2735 dicti.
925 2667 1007 2736 ὅπλα
1025 2672 1111 2757 apud
1129 2673 1202 2739 He-

147 2775 376 2864 sychiumsunt
390 2763 428 2836 toi
442 2763 576 2849 tigranis
590 2775 723 2856 σχοίνια.
767 2771 878 2856 Itaque
889 2773 1099 2860 interruptam
1112 2791 1203 2862 putat
1259 2826 1267 2841 .

148 2871 490 2950 orationemBarthius,
498 2873 738 2939 cohaerentibus
746 2872 1202 2961 videlicetverbiszquamcom-

152 2986 245 3048 moda
257 3013 300 3031 -
314 2981 402 3062 operi
408 3001 420 3053 ,·
439 2977 484 3038 Tu
497 2979 568 3040 licet
574 2981 761 3042 Haemonios
771 2993 827 3042 etc.
872 2976 915 3041 At
929 2978 1016 3043 enim
1028 2981 1111 3044 tueri
1122 3002 1200 3044 can-

150 3086 263 3153 nabim
272 3083 314 3147 ab
329 3082 464 3145 humore
478 3100 613 3164 ecquam
622 3082 802 3146 molestiam
812 3067 938 3145 habet?¹
950 3081 1105 3146 Iamvero
1119 3082 1204 3150 illud

149 3185 435 3264 considerandum,
467 3182 553 3268 quod
579 3184 666 3249 maie
690 3201 734 3250 est
757 3183 799 3249 ab
823 3183 926 3248 Ulitio
951 3181 1205 3275 Bunnannoque

152 3306 356 3364 annotatum,
383 3309 484 3372 quum
510 3288 563 3350 sed
585 3287 739 3371 particula
763 3288 826 3352 hoc
853 3287 922 3352 loco
949 3284 1205 3357 enunciationem

152 3419 215 3460 uon
233 3394 334 3482 possit
354 3389 584 3454 adversativam
608 3392 803 3475 exprimere,
835 3391 1010 3474 significare
1034 3392 1125 3459 illam
1152 3399 1207 3460 sed

155 3506 247 3562 ctiam
269 3495 358 3582 apud
380 3490 516 3576 Quintil.
534 3491 631 3555 instit.
649 3492 757 3573 v111.‚
781 3499 829 3559 3.:
860 3498 1014 3557 decentior
1030 3517 1133 3580 equus,
1154 3505 1209 3565 sed
1284 3494 1294 3513 ’

155 3607 233 3666 Mem
264 3601 408 3687 velocior.
453 3591 497 3657 At
524 3615 654 3678 egemus
682 3599 726 3660 ita
756 3611 846 3662 aucto
874 3596 1048 3661 sententiae
1078 3601 1206 3667 alterius

156 3705 306 3791 pondere.
351 3698 417 3764 Sed
433 3697 549 3776 verba,
575 3719 672 3780 quem
685 3700 821 3765 debeant
837 3699 873 3762 in
888 3701 1023 3768 modum
1041 3718 1071 3767 et
1091 3706 1208 3788 corrigi

159 3821 189 3871 et
209 3805 392 3891 explanari,
428 3803 581 3866 docemus
602 3815 673 3865 tum
697 3802 786 3867 Msti
813 3802 961 3868 Thoanei
985 3807 1138 3888 vestigiis,
1174 3810 1210 3870 in

160 3930 221 3995 quo
244 3907 335 3972 abest
353 3904 434 3970 illud
451 3919 512 3986 est,
540 3918 610 3967 tum
631 3906 731 3989 ipsius
752 3906 875 3971 ratione
896 3911 1082 3987 sententiae,
1112 3931 1211 3992 quam

106 4002 109 4009 ¹
161 4010 366 4077 manifestum
381 4022 428 4072 est
445 4007 527 4072 hanc
543 4026 626 4072 esset
649 4004 910 4074 Commodissimus
924 4027 968 4075 cst
984 4017 1128 4076 cannabis
1144 4037 1212 4076 ustas

165 4115 389 4193 Alabandum,
427 4125 457 4176 et
487 4117 636 4195 optimam
663 4113 790 4189 praebet
819 4127 929 4177 contra
954 4113 1043 4201 seras
1075 4119 1211 4183 tutelam.

882 4212 943 4278 ⁵*
