2686 4928
535 322 883 413 -tto-

117 536 120 547 ·
186 554 195 578 ··
282 529 400 593 malo.
442 526 646 591 Mareoticum
664 533 784 611 uinum,
810 524 1065 594 Alexandrinum
1082 540 1230 591 vocatum

176 630 215 698 ab
224 628 401 697 Athenaeo
416 628 457 710 l.,
471 628 538 710 25,
560 650 660 716 prope
675 628 906 697 Alexandriam
923 630 1084 697 crescebat
1103 630 1230 696 lacum-

173 755 236 819 que
249 732 412 799 Marcam.
453 731 519 797 Sed
532 731 685 797 Vossium
700 732 769 817 lege
786 736 828 799 acl
842 734 955 819 Virgil.
971 730 1090 819 Georg.
1103 733 1158 812 ll.,
1172 736 1228 802 tt.

173 835 240 903 cfr.
257 837 374 901 Horat.
386 832 493 903 Carm.
510 835 550 915 l.,
573 842 625 901 87.
639 864 668 903 v.
681 838 730 901 14.
775 837 1009 923 Perstringendi
1026 855 1099 905 sunt
1117 839 1227 903 aute'm

173 958 294 1007 meres
309 944 514 1027 interpretes,
541 942 597 1026 qui
614 942 695 1006 adeo
711 943 862 1007 naturalis
873 942 1023 1007 historiae
1037 944 1226 1028 imperitum

174 1041 375 1110 clamitarent
388 1042 559 1120 Gratium,
584 1060 618 1108 ut
633 1046 718 1129 quod
737 1068 834 1129 genus
848 1046 915 1108 vini
930 1068 949 1110 a
966 1042 1145 1110 Columella
1159 1042 1227 1129 lll.,

169 1152 201 1215 2.
214 1150 300 1214 inter
317 1144 495 1214 Graeculos
513 1162 590 1211 esset
604 1152 682 1214 vites
695 1165 916 1229 numeratum,
943 1150 1033 1215 idem
1046 1152 1225 1233 ’assignaret

171 1250 326 1337 Aegypto.
373 1250 514 1330 Scilicet,
534 1252 619 1335 quod
632 1254 666 1317 in
681 1250 852 1319 Graeciam
868 1270 935 1319 erat
948 1254 1224 1338 transplantatum,

177 1368 302 1419 vocatur
314 1356 467 1418 Graecum
482 1376 501 1418 a
517 1350 706 1419 Columella.
720 1393 766 1405 —
779 1373 920 1434 seruato,
941 1359 1104 1423 recondita
1119 1368 1149 1420 et
1161 1372 1223 1418 ve·

177 1472 263 1525 tusto.
276 1492 319 1507 ···
340 1460 434 1522 Coris
447 1464 580 1539 gemmis.
618 1458 734 1523 Pocula
747 1461 886 1545 intellige
899 1463 982 1527 sacta
996 1485 1033 1526 ex
1048 1484 1114 1526 una
1130 1478 1221 1543 gem·

172 1576 377 1640 inaurata,
407 1574 441 1625 ut
462 1582 500 1625 ex
530 1561 660 1643 achate,
697 1563 856 1649 lychnita‚
893 1566 1103 1644 carbunculo,
1139 1560 1219 1627 aliia.

147 1664 318 1745 „Ceterum
343 1686 457 1731 aurum
481 1667 577 1729 etiam
602 1667 789 1753 poculorum
813 1671 950 1751 gemmis
971 1670 1144 1734 ornabatur
1163 1662 1221 1727 in·

143 1755 270 1853 ¹textis.
311 1766 365 1832 De
388 1766 438 1831 his
461 1768 579 1853 poculis
602 1771 771 1852 gemmatis
792 1768 998 1851 intelligenda
1019 1771 1094 1837 Silii
1116 1765 1218 1833 lutici

164 1874 270 1962 'verba'
285 1872 368 1957 apud
388 1868 585 1935 salmasium
601 1873 642 1935 ad
657 1871 756 1934 Solin.
770 1896 801 1955 p.
814 1874 905 1937 789.:

278 1994 345 2055 Iam
354 1992 448 2054 simul
459 2006 603 2070 argento,
620 1990 775 2077 fulgentia
792 1993 905 2075 pocula
924 1994 1021 2054 mixto

147 2155 150 2164 ,
278 2096 364 2181 Queis
384 2117 504 2172 gemma
523 2103 672 2180 quaesitus
689 2099 782 2159 Itonos
803 2128 849 2147 -·

163 2218 224 2287 utri
245 2214 339 2299 volgo
361 2214 465 2279 editur
485 2220 614 2293 gerninc.
659 2214 725 2280 Csr.
747 2215 860 2297 Virgil.
881 2212 1000 2312 Georg.
1022 2212 1066 2279 11.
1087 2232 1116 2273 v.
1139 2164 1213 2275 106.

152 2324 308 2409 ῑΡτορεη.
336 2315 393 2382 111.
423 2318 462 2381 el.
489 2320 519 2380 5.
547 2341 575 2381 v.
603 2319 633 2383 4.
662 2317 800 2381 luvenal.
823 2318 911 2394 Xll.,
933 2316 986 2379 47.
1020 2329 1051 2378 et
1071 2309 1212 2377 Martial.

165 2426 251 2514 apud
271 2420 367 2487 Fulv.
381 2420 491 2491 Ursin.
510 2419 658 2505 Append.
675 2424 715 2484 ad
731 2421 812 2486 Petr.
832 2417 992 2485 Ciacconii
1009 2416 1063 2479 lib.
1080 2415 1119 2476 de
1134 2412 1213 2478 Tri-

168 2528 236 2595 clin.
253 2552 283 2613 p.
300 2528 375 2589 863.
419 2522 503 2589 Hinc
520 2524 641 2590 Plinius
661 2528 765 2611 inquit
788 2526 842 2590 lib.
860 2522 1012 2589 XXXlll.
1034 2542 1082 2605 cp.
1101 2521 1129 2582 1.
1141 2513 1210 2579 init.

161 2634 251 2699 turba
262 2652 452 2711 gemmarum
466 2644 606 2709 potamus
621 2646 651 2696 ot
665 2635 839 2712 smaragdis
853 2636 979 2693 teximus
993 2626 1111 2689 colicos.

263 2809 295 2851 v.
306 2788 379 2850 314.
425 2784 530 2849 n'ardt
546 2801 657 2849 metunt
667 2790 802 2863 Gangem
816 2783 848 2848 h.
858 2786 927 2845 vim
944 2800 1097 2862 magnam
1104 2775 1208 2840 Nardi

152 2884 200 2957 ¹ex
217 2890 315 2955 India
336 2888 556 2951 advehendum
578 2890 710 2973 curant]
737 2886 924 2953 Wernsd.
965 2881 1054 2944 Male
1075 2882 1210 2944 correxit

146 2987 328 3058 ¹lleinsius:
363 2991 606 3077 nor·disorumque
629 3006 896 3072 manutergium,
923 2985 1079 3050 refutatus
1096 2986 1164 3043 iam
1187 3002 1208 3043 a

160 3094 358 3161 Burmanno.
399 3093 490 3158 Nihil
505 3101 607 3176 magis
621 3100 790 3173 usitatum,
818 3115 916 3177 quam
932 3088 1074 3153 fluminis
1087 3103 1207 3149 nomen

158 3222 216 3285 pro
230 3216 319 3263 terra
332 3199 399 3281 ipsa
415 3197 603 3261 adhibitum.
647 3198 733 3280 Ergo
755 3202 890 3276 Gangem
910 3194 1014 3281 posuit
1032 3212 1090 3279 pro
1104 3190 1205 3254 ludio.

157 3304 221 3369 vid.
245 3302 337 3366 Serv.
354 3301 394 3364 ad
417 3302 529 3383 virgil.
553 3298 669 3383 Georg.
690 3302 731 3364 ΙΙ.
753 3323 783 3365 v.
808 3304 880 3367 137.
900 3301 1018 3384 paeleum
1040 3298 1204 3378 Nolentem

156 3405 257 3471 habes
281 3426 339 3490 pro
356 3407 475 3485 pulsam
496 3408 674 3470 Arrueru'am
697 3401 812 3487 Georg.
833 3404 889 3467 Ill.
911 3427 941 3468 v.
964 3408 1015 3467 80.
1059 3395 1124 3463 Cir.
1140 3396 1205 3474 lV.,

158 3516 234 3577 1111.
257 3524 289 3571 et
310 3524 453 3571 nostrum
469 3530 496 3570 v.
515 3512 586 3574 128.
615 3508 767 3573 Passerat.
787 3506 828 3568 ad
849 3505 990 3588 Propert.
1007 3502 1083 3579 lll.,
1105 3499 1152 3577 4.,
1173 3498 1204 3565 4.

157 3611 269 3697 ltaque
286 3626 399 3673 metunt
411 3610 546 3675 verbum
562 3610 603 3675 ad
616 3611 778 3694 regionem
792 3606 934 3672 refertur.
978 3603 1074 3690 Apud
1088 3603 1204 3667 Silium

158 3730 267 3781 tamen
280 3714 388 3793 Vlll.,
409 3715 497 3779 565.:

375 3838 436 3917 (lui
456 3837 599 3897 Batulum
621 3835 796 3916 Nucrasque
818 3842 928 3891 metunt

163 3975 217 4037 pro
232 3956 363 4017 incolunt
385 3971 429 4017 est
451 3954 591 4033 dictum,
614 3969 647 4017 ut
661 3953 738 4017 alibi
760 3955 874 4029 bibero,
894 3963 1003 4031 'rotare
1019 3945 1067 4006 vel
1083 3956 1200 4005 untur-c.

165 4057 238 4120 vid.
267 4055 458 4143 Olympium
489 4058 614 4122 Neritos.
644 4082 673 4121 v.
700 4061 753 4121 67.
805 4053 911 4117 Nemo
938 4053 1060 4129 ignorat
1087 4061 1205 4119 autem,
