2686 4928
143 583 286 646 notum,
314 566 372 651 qui
400 563 537 629 cultrum
567 585 625 650 pro
655 562 824 630 venatione
852 567 923 649 ipsa
949 564 1097 631 nominat
1126 566 1204 648 (vid.

139 670 301 757 -Lipsium
317 668 447 734 Saturn.
466 691 562 734 serm.
584 668 637 732 lib.
658 670 703 733 ll.
724 689 750 732 c.
767 674 796 732 3.
828 667 957 733 Sueton.
978 668 1203 752 Aug.c.19.).

146 773 350 839 Laudandus
366 788 412 837 est
427 771 669 838 Wemsdorstus
683 792 872 854 comparans
893 772 987 835 illum
1007 796 1080 838 cum
1098 778 1204 857 gladio

147 878 374 965 Hispaniensi,
397 875 513 958 dequo
529 892 656 960 praeter
668 873 854 939 Martialem
868 875 995 959 Apoplr.
1010 880 1063 942 29.
1085 880 1204 944 Silium

150 981 276 1045 iuvabit
292 982 383 1045 adire
400 978 489 1058 vlt,
513 984 564 1047 10.
609 976 725 1045 Gestus
745 978 799 1042 ille
818 980 917 1043 culter
931 982 965 1043 in
987 1002 1067 1045 zona
1080 982 1205 1047 videtur

151 1104 235 1162 esse,
274 1084 360 1167 quod
388 1081 545 1165 significat
572 1081 742 1169 Oppianus
769 1080 848 1170 Cyn.
871 1084 913 1163 1.,
942 1086 1013 1153 92:
1053 1089 1205 1170 dcccdccc

151 1184 185 1255 δ’
205 1187 257 1253 ἐπὶ
277 1188 419 1271 μεσσόθι
440 1186 533 1267 ζώνης

257 1366 285 1407 v.
308 1340 383 1408 342.
427 1339 504 1406 Non
529 1342 632 1422 magis
653 1340 732 1405 haec
758 1357 804 1407 est
819 1342 963 1428 falarica
983 1367 1003 1409 a
1024 1341 1119 1410 Livio
1143 1348 1204 1414 de-

158 1446 269 1531 scripta
278 1446 386 1525 XXl.,
407 1450 451 1525 3.,
473 1451 571 1529 quain
586 1447 641 1510 illa
658 1447 745 1530 apud
763 1448 929 1532 Virgilium
943 1448 1022 1515 Aen.
1041 1452 1111 1530 lX.‚
1127 1454 1202 1520 705.

157 1548 220 1613 Sed
245 1548 357 1614 lancee
385 1551 487 1634 potius
510 1548 632 1628 valida,
669 1572 787 1634 magno
816 1554 964 1636 pondere.
1017 1553 1146 1619 Servius
1173 1572 1204 1621 et

150 1650 262 1719 Festus
284 1675 306 1718 a
322 1653 403 1738 salis
426 1654 578 1716 derivant.
624 1652 683 1717 Sat
702 1655 831 1720 abunde
850 1658 1012 1741 descripsit
1026 1658 1116 1723 illam
1130 1660 1203 1724 ltu-

146 1772 258 1845 pettus
269 1758 313 1824 ad
324 1757 382 1823 Sil.
399 1757 468 1823 ltat.
483 1756 526 1837 l.,
543 1756 617 1821 351.

257 1934 289 1984 ν.
313 1912 387 1981 843.
429 1909 604 1995 Comparat
631 1909 754 1975 Ulitius
782 1908 1032 1998 Xenophontem
1064 1914 1104 1979 de
1131 1938 1204 1984 ven.

153 2038 226 2103 cap.
249 2015 308 2098 ll„
329 2018 386 2102 qui
407 2020 539 2101 requirit
568 2020 722 2101 δρέπανα,
756 2017 810 2082 ‘ira
834 2011 855 2108 ᾗ
882 2024 936 2095 τῖς
965 2017 1035 2098 ἕλῃς
1053 2021 1205 2105 τέμνοντα

150 2122 299 2205 optimae
316 2117 356 2188 ccl
373 2122 508 2205 δεόμενα.
551 2120 667 2185 Noster
681 2122 832 2206 postulat,
860 2137 895 2184 ut
911 2122 995 2187 falce
1010 2142 1139 2211 rumpat
1153 2128 1204 2193 vel

146 2224 273 2310 aperiat
294 2224 364 2289 loca
382 2226 523 2289 sentibus
546 2224 685 2309 obsepta.
729 2223 805 2287 Non
830 2236 950 2286 temere
976 2226 1202 2313 obiiciendum,

146 2328 236 2413 quod
259 2329 418 2397 veteribus
448 2326 682 2411 exemplaribus
704 2325 914 2411 perscriptum
940 2343 1023 2392 erat:
1058 2351 1204 2415 rurrrpoot

150 2454 231 2495 noue
242 2439 373 2516 pervia,
397 2436 418 2497 i.
434 2435 641 2517 e.1·1onpcndo
654 2428 850 2515 patefaciunt
866 2451 947 2492 nova
960 2456 993 2514 p.
1038 2430 1107 2515 En,
1128 2437 1203 2501 hel-

153 2530 347 2618 lenismum,
372 2537 411 2599 de
436 2559 499 2621 quo
523 2541 906 2608 versu140.est„actum.
950 2534 1078 2602 Addere
1099 2538 1205 2625 placet

153 2636 305 2725 Sophocl.
328 2636 434 2725 Antig.
456 2663 485 2703 v.
506 2644 580 2706 671.
601 2632 721 2723 τροπάς
744 2635 983 2728 καταρῥῆγνυσι.
1025 2642 1138 2728 ltaque
1161 2666 1204 2712 ne

148 2739 210 2808 ltoc
240 2743 374 2827 quidem
403 2743 458 2806 abs
487 2764 521 2806 re
549 2758 609 2822 est,
637 2740 722 2824 quod
742 2740 863 2807 Ulitius
883 2745 1010 2809 addidit
1031 2768 1049 2808 e
1070 2748 1203 2814 Valerio

146 2842 265 2912 flacco
280 2846 334 2914 lib.
348 2850 374 2914 Ι.
390 2848 466 2910 init:
491 2852 658 2926 mediosque
674 2849 755 2904 inter·
769 2849 842 2923 iuga
857 2854 977 2911 concita
989 2873 1092 2913 cursus
1104 2856 1205 2915 Rum-

152 2969 235 3031 pere.
254 2985 302 2998 -
345 2950 523 3014 lolrnsonus
546 2949 711 3034 amplexus
733 2959 778 3008 est
797 2949 910 3013 incerti
931 2951 990 3015 riri
1013 2949 1097 3015 docti
1122 2976 1203 3019 con-

152 3051 325 3119 iecturam:
346 3078 404 3117 non
418 3061 544 3138 pervia,
568 3052 728 3135 Scaligero
745 3072 870 3135 quoque
890 3069 920 3116 ct
934 3055 1065 3120 Heinsio
1081 3078 1202 3142 appro-

149 3152 270 3221 batam.

256 3276 298 3339 ln
319 3294 356 3339 ea
371 3289 459 3360 parte
481 3274 649 3355 carminis,
676 3290 761 3354 quae
783 3272 944 3355 sequitur,
972 3270 1028 3335 ubi
1049 3272 1088 3340 de
1108 3298 1203 3343 mor.

148 3377 270 3444 borum
298 3378 334 3440 in
355 3401 434 3443 cane
448 3379 619 3466 ¹generibus
647 3376 912 3459 medelarumqne
941 3377 1063 3441 ratione
1089 3383 1202 3463 agitur,

150 3479 232 3543 illud
254 3494 322 3545 erat
349 3481 540 3566 fugiendum
559 3496 689 3567 poetae,
722 3501 763 3543 ne
790 3481 889 3543 nimis
913 3479 1078 3562 vulgarem
1107 3498 1204 3569 atque

151 3582 234 3649 adeo
252 3584 414 3649 sordidam
435 3587 605 3651 materiam
625 3583 789 3647 tractando
811 3583 954 3646 taedium
975 3600 1119 3651 moveret
1139 3610 1203 3673 po-

151 3686 231 3767 tius,
252 3709 350 3770 quam
369 3688 537 3754 delectaret
559 3692 684 3752 animos
705 3686 888 3769 legentium.
932 3686 1094 3772 Quocirca
1112 3690 1203 3754 relli-

155 3788 276 3871 giosum
304 3813 338 3855 se
366 3794 400 3856 in
425 3792 486 3856 boc
505 3813 633 3877 quoque
656 3811 770 3876 genere
787 3790 939 3873 'praebuit
961 3784 1110 3873 Gratius3
1144 3790 1203 3876 qui

96 3915 98 3930 ¹
157 3911 228 3955 tum
247 3913 302 3972 ea,
322 3917 404 3978 quae
419 3912 551 3961 naturae
571 3910 672 3961 essent
693 3893 840 3979 propria,
869 3896 1034 3976 attingeret
1055 3906 1202 3977 praeter-

157 3994 277 4076 eundo,
313 3999 384 4062 aevi
403 3999 454 4063 sui
473 3998 687 4084 superstitioni
711 4018 746 4060 se
767 3997 1023 4061 accommodavit
1050 4007 1082 4060 et
1108 3994 1202 4079 quasi

159 4096 294 4183 alligavit
315 4116 598 4187 commoratusque
619 4102 654 4166 in
678 4100 724 4166 eis
747 4114 811 4181 est,
844 4119 928 4185 quae
956 4096 1200 4184 miraculorum,
