2686 4928
502 338 852 418 *tta-

153 542 293 630 magicas
310 536 426 607 herbas
443 544 480 608 in
498 557 604 609 nostro
622 544 699 612 orbe
715 548 916 614 celebravere
935 547 1134 636 Pythagoras
1154 569 1208 621 at·

153 669 219 734 que
239 647 444 712 Democritus
466 645 509 712 N.
529 646 569 710 H.
587 648 725 733 XXlV‚·,
760 654 810 719 17.
861 653 1013 721 Adeundi
1038 673 1208 741 praeterea

153 752 315 821 Meursius
335 749 474 834 spicileg.
495 749 538 815 ad
554 749 715 821 Theocrit.
740 753 830 841 ldyll.
848 755 873 821 l.
896 779 926 841 p.
950 762 981 826 8.
1023 757 1206 827 Burmann.

153 857 197 923 ad
224 854 299 920 vat.
320 850 423 918 Flacc.
446 852 517 918 Vll.
537 880 567 919 v.
589 859 663 920 390.
714 854 785 922 Nec
806 858 961 928 sacrificia
985 861 1119 929 deerant
1142 866 1208 935 istis

153 964 190 1028 in
204 957 325 1026 artibus
342 953 535 1022 factitandis.
579 955 664 1022 Hinc
677 974 738 1042 est,
760 962 846 1044 quod
860 970 994 1045 magicos
1005 970 1079 1031 deos
1092 970 1208 1055 appel·

151 1069 199 1133 lat
219 1062 369 1127 Lucanus
383 1056 527 1128 Phanai.
550 1086 579 1126 v.
592 1060 666 1126 677.
680 1078 712 1128 et
725 1063 842 1129 Tibull.
860 1065 902 1145 l.‚
922 1073 962 1147 2,
982 1074 1034 1137 62.
1080 1074 1205 1153 Mapa'cc

151 1174 223 1235 Iovi
241 1172 377 1248 gentinat
400 1168 556 1245 Stygialia
577 1188 670 1229 sacro
697 1171 838 1254 reposuit
863 1167 1005 1255 Scaliger
1025 1172 1068 1240 ad
1088 1175 1202 1263 virgil.

153 1271 219 1341 Gir.
235 1294 266 1337 v.
281 1266 372 1348 374„
394 1272 513 1353 magico
536 1269 684 1335 videlicet
706 1278 769 1335 ritu
783 1274 945 1339 celebrato.

258 1403 371 1488 Itaque
385 1401 445 1468 hac
463 1402 630 1485 relligione
645 1403 855 1489 placabantur
870 1409 946 1490 Dii,
968 1409 1206 1480 morborumut

151 1515 222 1578 uim
243 1520 397 1574 arcerent.
440 1505 509 1569 Hoc
535 1505 603 1571 vult
629 1509 691 1574 sibi
712 1508 844 1576 Gratius
871 1515 1014 1581 versibus
1035 1513 1113 1582 406.
1135 1520 1205 1600 tot,

153 1619 287 1700 oculique
301 1633 417 1675 uenena
440 1611 580 1690 maligni.
624 1612 813 1697 pervulgata
832 1614 896 1680 fuit
916 1620 1096 1703 superstitio
1118 1637 1206 1706 uet07

38 1765 43 1778 .
151 1744 227 1788 rum
248 1720 317 1804 ipso
339 1715 452 1778 obtutu
468 1715 632 1779 oculorum
647 1717 687 1780 ab
703 1718 818 1783 infesto
833 1719 940 1805 aliquo
961 1725 1088 1807 magico
1107 1746 1206 1792 vene·

152 1825 263 1889 ficium
284 1837 374 1905 posse
392 1814 463 1882 fieri
486 1817 672 1884 hominibus
695 1825 876 1908 pecorique.
919 1825 1005 1892 Vide
1033 1829 1077 1897 de
1105 1847 1148 1896 ea
1172 1850 1205 1899 η

154 1927 308 1994 Vossiurn
331 1921 372 1987 ad
394 1921 484 2003 Virg.
501 1919 566 1986 Ecl.
585 1922 675 1989 Vlll.
697 1948 727 1989 v.
748 1931 838 1995 103,;

259 2061 357 2121 nascio
375 2058 442 2137 quis
456 2067 575 2120 teneros
594 2058 697 2122 oculus
712 2062 786 2121 mihi
800 2060 940 2147 fascinat
959 2084 1059 2142 agnos

154 2211 202 2261 et:
223 2195 331 2358 noxiop
346 2190 482 2253 invidiae
503 2191 604 2256 oculos
624 2213 663 2259 ex
684 2191 844 2281 Appuleio
864 2211 895 2260 et
915 2196 1086 2262 Horatium
1102 2193 1223 2297 Eptsq

152 2299 208 2365 lib.
221 2298 262 2378 l.,
287 2299 302 2359 l
327 2341 335 2359 .
352 2313 382 2358 r.
397 2295 465 2357 at:

257 2451 318 2493 non
341 2433 410 2493 istic
428 2430 545 2514 obliquo
568 2433 654 2495 oculo
676 2454 744 2498 maa
766 2436 925 2497 commoda
946 2438 1101 2519 quisquam

153 2585 156 2591 .
257 2535 349 2595 limat
588 2547 591 2554 '

152 2676 386 2735 commemorat
399 2663 558 2730 Barthius.
602 2659 668 2728 etr.
681 2661 863 2730 Markland.
885 2666 925 2731 ad
940 2664 1019 2730 Stat.
1042 2665 1124 2735 silv.
1138 2666 1204 2749 IV,

75 2842 90 2871 ι
154 2780 201 2853 8,,
220 2774 282 2843 116.
331 2770 481 2849 Muligui,
514 2768 590 2853 quia
624 2766 779 2834 fascinare
815 2771 1033 2835 credebantur.
1087 2766 1225 2838 Contra·

151 2898 253 2941 noxas
274 2888 383 2938 autem
404 2873 478 2936 istas
501 2892 521 2934 a
544 2871 665 2935 fascino
683 2872 857 2936 tuebantur
871 2894 938 2938 sese
960 2874 1114 2941 amuletis
1125 2877 1204 2941 'ante

150 2978 349 3046 memoratis.
393 2971 544 3040 Ceterum
573 2974 671 3039 verba
688 2975 847 3041 'struenda
876 2979 910 3040 in
939 2977 1027 3042 hunc
1049 2979 1203 3043 modum:

157 3087 236 3165 Vicit
248 3105 313 3165 pax
327 3081 425 3144 tutela
439 3082 562 3143 deorum
580 3084 748 3163 impetrata
762 3101 879 3162 pacem.
902 3080 1044 3166 intellige
1057 3079 1202 3163 fauorem

149 3187 320 3250 redditum.
363 3183 529 3269 Denique,
560 3187 587 3247 si
610 3182 753 3268 displicet
772 3205 831 3269 pro
846 3187 969 3265 affectus
988 3184 1130 3251 scribere
1146 3182 1202 3273 os·

144 3288 262 3376 sactus,
291 3285 370 3351 illud
392 3287 493 3371 prius,
520 3285 561 3352 ab
574 3286 697 3372 officere
713 3285 850 3370 sactum,
879 3302 915 3354 ut
933 3287 1100 3375 peculiare
1120 3287 1202 3354 dau·
1237 3314 1242 3325 ·

151 3394 231 3459 dum
255 3404 300 3457 est
321 3403 443 3477 poetae.

254 3569 284 3612 v.
297 3543 372 3613 408.
416 3551 452 3610 Si
472 3544 618 3632 deformis
638 3550 753 3612 scabies
775 3566 886 3630 corpus
905 3547 952 3611 ita
972 3546 1139 3632 pervadit,
1169 3552 1210 3615 ub

150 3652 322 3723 dulcedine,
357 3648 388 3713 h.
418 3666 571 3736 perpetua
600 3650 751 3717 scabendi
774 3646 927 3730 libidine,
962 3653 1052 3733 quasi
1075 3651 1202 3731 laceret,

150 3756 213 3819 hoc
227 3751 401 3840 pessimum
416 3753 541 3818 malum
557 3768 618 3833 est,
639 3755 724 3839 quod
740 3753 860 3818 lentam
879 3754 1031 3837 quidem,
1058 3768 1201 3820 mortem

150 3876 260 3925 tamen
279 3852 395 3939 affert]
418 3854 606 3922 Wernsd.
652 3858 830 3921 Verissime
850 3857 1080 3942 interpretatur.
1125 3858 1200 3923 Sat-

149 3967 252 4029 sedine
267 3953 392 4022 volebat
411 3958 515 4024 lohns.
530 3959 701 4026 humorem
714 3959 831 4024 salsum
846 3959 1040 4045 intelligens,
1062 3963 1119 4046 qui
1133 3960 1199 4025 irn-

149 4065 247 4154 pellat
269 4082 361 4130 canes
380 4059 422 4126 ad
441 4080 553 4147 corpus
574 4086 670 4131 suum
692 4062 912 4131 lacerandum.
948 4063 1120 4133 Audacius
1144 4077 1196 4147 eat,

311 4188 331 4229 ὃ
929 4172 935 4183 .
