2686 4928
600 357 685 372 ....
736 318 943 417 ω)...

249 520 295 602 L,
315 522 364 587 18.
409 516 499 584 ldem
515 542 553 586 ex
569 520 693 587 Horatii
710 521 779 589 lom
800 526 909 588 nescio
929 547 983 589 cur
1000 523 1143 597 finxeris:
1167 546 1300 599 maturos

248 647 305 711 op,
317 650 350 710 p.
359 622 513 710 foecundo
526 649 575 705 gr.
619 623 707 691 Nam
721 647 796 691 cnm
812 647 849 692 ex
863 650 899 694 re
912 630 1000 715 ipsa,
1020 644 1090 699 tum
1106 653 1145 699 ex
1163 657 1299 721 sequen·

248 730 333 793 tibus
352 742 453 814 potest
474 729 622 814 intelligi,
653 731 705 794 hic
726 753 790 799 nou
812 733 1049 814 maturitatem,
1074 735 1133 803 sed
1150 735 1299 807 {utuin-

180 888 184 895 .
248 848 315 899 tem
332 834 594 921 ut'erispecturi.¹

351 973 381 1016 v.
402 950 473 1025 134.
516 955 594 1028 Sed,
618 967 757 1017 veterem
778 952 985 1041 scripturam,
1012 953 1297 1035 restituit‚Ulitios

248 1055 369 1128 Ulitius
389 1054 489 1118 edidit
511 1069 559 1130 ut,
594 1056 680 1145 quo-d
706 1055 909 1137 librariorum
938 1078 1043 1123 errore
1067 1079 1108 1127 ex
1130 1073 1170 1123 at
1191 1077 1296 1135 natum

248 1173 387 1247 putatur.
440 1161 614 1242 „Quamvis
644 1163 736 1223 avide
763 1161 873 1247 cupias
903 1159 1020 1224 multos
1048 1159 1174 1228 habere
1192 1168 1291 1253 tanes,

247 1261 469 1352 praestabilius
484 1276 610 1342 tamen,
632 1263 660 1324 si
673 1264 773 1350 sapis,
790 1262 959 1342 iudicabis,
982 1283 1096 1331 omnes
1108 1266 1214 1351 primi
1224 1288 1292 1354 par-

245 1385 297 1435 tns
318 1363 436 1433 catulos
457 1379 675 1444 contemnere,
704 1389 775 1430 mon
795 1368 908 1444 etiam,
936 1366 1072 1432 secundo
1094 1378 1213 1457 partu,
1240 1390 1295 1434 non

247 1491 360 1538 omnes
373 1468 472 1533 editos
492 1471 630 1558 nutrire,
659 1470 735 1553 quia
750 1471 845 1535 catuli
862 1471 937 1536 fient
951 1472 1132 1552 macilenti,
1154 1484 1190 1538 et
1203 1486 1296 1541 mater
1306 1476 1314 1535 ’.

245 1573 398 1643 invalida
441 1566 620 1637 Columella
636 1573 728 1653 Vll,
752 1578 821 1657 12,
848 1580 915 1642 tt:
935 1581 1053 1659 primus
1074 1580 1210 1658 effoetus
1224 1598 1296 1661 poe·

244 1695 296 1747 tus
311 1676 496 1765 amovendus
508 1688 562 1740 est.
607 1678 743 1741 Minores
757 1677 833 1743 dicit
847 1678 983 1759 catulos,
1006 1693 1042 1744 ut
1054 1675 1150 1747 Grat.
1167 1702 1201 1746 r.
1212 1678 1295 1749 aa&

244 1778 445 1855 Wernsd..
1093 1858 1098 1869 Ι

183 1968 185 1973 ,
347 1885 464 1949 etse
506 1883 637 1949 Lassata
650 1881 887 1962 viscereubere,
901 1884 986 1967 quod
1001 1884 1294 1955 duracmoimiun

242 1989 326 2059 lacte
339 1983 454 2055 deficit.
488 1987 534 2056 V,
543 1983 634 2051 Grae
649 2008 677 2051 v.
690 1989 764 2052 288.
819 1989 940 2052 Viscera
953 1987 1126 2073 praecipue
1136 2002 1297 2071 runnu,

243 2112 330 2180 qnae
350 2090 391 2157 ed
407 2087 617 2155 formandum
631 2089 846 2174 alendumque
858 2090 982 2156 foetum
997 2091 1170 2177 pertinent
1199 2090 1296 2189 d‚Illuc

245 2198 345 2263 etiam
361 2191 445 2280 fessa
458 2198 579 2259 viscera
602 2194 677 2257 dicit
694 2187 805 2257 Claud.
822 2193 915 2280 Rapt.
930 2190 1187 2291 Pros.l.,.12ffi,
1205 2212 1294 2279 qnae

244 2300 405 2399 desierunt
426 2283 577 2380 generare
597 2313 628 2362 et
649 2299 787 2384 parere]
800 2295 984 2391 Wernsd.
1032 2300 1128 2389 Visae
1143 2292 1288 2380 singula·

241 2426 314 2471 rem
326 2399 703 2491 aspernanturSosipater
719 2399 935 2466 etDiomedes
947 2398 1152 2484 grammatici
1163 2411 1291 2479 auem

130 2541 132 2544 >
242 2506 359 2574 Vossio·
378 2505 417 2570 de
445 2504 593 2589 analogia
618 2503 672 2569 lib.
693 2506 719 2571 1.
741 2526 767 2570 c.
789 2503 842 2573 24.
864 2528 895 2592 p.
915 2507 990 2570 220.
1031 2501 1168 2591 Legitur
1186 2516 1293 2599 tamen

242 2608 365 2679 ovidio
384 2606 466 2677 Met.
488 2608 547 2675 Vl.
567 2629 599 2673 v.
620 2611 712 2676 moa
738 2610 863 2673 trahens
889 2612 1048 2673 haerentia
1080 2613 1200 2683 essem
1223 2610 1294 2685 tela,

243 2735 341 2803 quem
363 2713 396 2779 lo
414 2735 470 2781 um
490 2710 669 2779 Priscianus
692 2707 787 2776 affert
808 2710 863 2778 tib.
879 2712 938 2777 Vl.
957 2735 989 2801 p.
1009 2716 1086 2779 221.
1130 2708 1295 2801 Sosipater

241 2817 366 2885 addidit
372 2734 428 2884 hl
435 2816 459 2882 l.
466 2813 647 2897 Lucilium:
660 2819 760 2880 viscus
771 2820 924 2900 aprinum,
938 2814 1292 2903 quodaliisoprugnun.

240 2922 336 2990 Idem
344 2917 506 2986 Charisius
520 2918 671 2983 meminit
685 2919 817 3010 genitivi
824 2924 957 2984 visceris.
1000 2917 1112 2983 Exstat
1128 2932 1290 3007 praetem

239 3023 424 3092 Lucretius:
440 3022 606 3089 Visceribus
623 3025 723 3088 niseus
733 3026 826 3103 gigni.
844 3020 1011 3087 Suetonius
1023 3023 1058 3085 in
1072 3021 1212 3088 Vitellio
1226 3041 1291 3109 cap·

242 3131 309 3193 ta:
321 3151 374 3191 nee
387 3131 579 3209 temperavit,
597 3130 668 3210 quin
683 3129 763 3190 inter
777 3110 897 3190 altorio
911 3128 1137 3190 ibidemstatim
1144 3130 1286 3191 ersom·-

240 3233 397 3293 manderet
413 3229 497 3314 apud
506 3229 655 3294 Vossium
669 3228 690 3294 l.
703 3227 741 3310 l.,
758 3227 815 3314 qui
830 3218 998 3316 etCelsum
1011 3229 1098 3295 citat.
1142 3222 1284 3295 Bruttus

239 3346 475 3403 commemorat
500 3326 716 3397 Claudianum
736 3333 843 3421 Hystr.
863 3338 943 3402 aar
965 3335 1127 3399 intendunt
1152 3335 1287 3399 teunnss

239 3443 354 3505 visam
370 3457 488 3505 nervos.

342 3538 459 3609 v.140.
504 3538 564 3607 Sin
580 3560 657 3605 vero
677 3560 784 3618 curas,
805 3556 847 3603 ne
868 3539 1005 3625 optimus
1023 3536 1211 3607 catulorum
1230 3554 1287 3603 ne·

240 3655 326 3708 cetur
353 3659 384 3710 et
407 3645 504 3710 domo
524 3658 715 3712 amoveatur.
764 3645 885 3709 Abdere
913 3664 971 3708 sua
999 3640 1131 3731 quidem
1157 3640 1287 3729 propria

238 3746 465 3832 significatione
478 3764 524 3815 est
537 3768 697 3824 remorae,
710 3750 849 3812 abiicere.
883 3748 926 3811 Et
936 3745 1050 3830 procul
1063 3747 1211 3811 ardentes
1219 3746 1286 3811 tuso

239 3854 350 3936 procul
372 3855 452 3916 udde
470 3851 558 3937 faces
579 3851 695 3917 Tibull.
716 3851 771 3917 lib.
791 3851 854 3930 Il.,
874 3857 903 3917 1.
918 3870 948 3914 v.
968 3853 1021 3916 82.
1063 3846 1149 3933 Apte
1168 3847 1292 3927 locutis

238 3957 299 4022 ista
325 3956 436 4035 uidere
452 3954 554 4028 'domo
582 3978 656 4021 cum
685 3954 821 4038 Virgilio
845 3967 1046 4038 comparatur
1076 3950 1199 4037 Georg.
1221 3948 1284 4028 lll,

239 4083 268 4126 v.
289 4063 357 4125 96.:
383 4063 461 4124 abde
478 4062 583 4132 domo,
615 4082 668 4125 nee
685 4062 770 4141 turpi
788 4063 906 4138 ignom
932 4048 1086 4132 senectae,
1111 4076 1200 4149 quae
1228 4075 1282 4120 no·

1196 4175 1283 4246 prose
1331 4224 1333 4265 Ι
