2656 4884
946 414 950 422 Ι
1022 354 1107 406 XXX!

62 542 203 621 diversis
227 540 269 621 in
290 536 497 616 carminibus
522 560 631 632 paene
656 531 777 608 eadem
801 532 1012 634 eloquatur?
1057 533 1101 608 Id
1171 502 1177 533 ⁸

62 676 163 780 quod
193 674 395 747 imitatorem
429 669 545 772 potius
584 666 733 768 aliquem
770 664 917 765 prodere
955 661 1099 739 videtur.

61 807 221 885 Tertium
237 805 385 900 denique
401 821 645 902 argumentum
657 797 719 872 etsi
734 819 784 872 est
802 795 955 899 specioso
975 795 1102 872 inven-

61 963 154 1036 tum,
164 986 167 991 ·
179 961 293 1015 tameo
307 965 381 1012 non
403 935 450 1008 ita
466 954 517 1008 est
528 934 760 1025 luculentum,
789 956 828 1008 ut
846 959 910 1026 pro
924 929 1102 1006 00110110-

59 1074 133 1149 heri
156 1073 347 1176 quicquam
368 1066 487 1168 possit.

164 1235 220 1309 Ac
243 1233 287 1307 de
306 1228 501 1330 fragmentis
528 1228 572 1303 de
597 1228 747 1323 aucupio
770 1230 857 1332 quid
880 1229 1101 1305 statuendum

60 1367 249 1461 videretur,
274 1361 629 1438 commentationibus
645 1383 696 1436 est
716 1363 933 1438 declaratum.

164 1530 312 1603 Carmen
328 1506 482 1631 Olympii
500 1526 711 1619 venaticum,
736 1529 834 1622 quod
852 1526 940 1636 typis
957 1556 1102 1630 expres·
1190 1553 1192 1557 ⁴

60 1646 140 1781 sum
154 1682 222 1759 est,
248 1660 412 1733 mutilum
427 1687 516 1754 esse,
540 1682 616 1733 tum
630 1689 671 1734 ex
685 1658 793 1760 ipsius
808 1664 938 1737 ratione
952 1686 985 1737 et
996 1693 1102 1738 men-

60 1776 142 1874 sura
170 1818 280 1901 patet,
320 1819 398 1870 tum
428 1795 500 1866 suis
529 1792 603 1890 ipse
633 1792 744 1868 verbis
775 1794 955 1869 declaravit
986 1817 1102 1896 poeta

60 1934 156 2009 Nam
168 1927 388 2031 prooemium
403 1926 544 2022 quidem
557 1947 627 1998 tam
639 1927 786 2027 longum
800 1927 877 2021 quis
891 1926 928 1999 in
942 1929 1102 2006 brevitate

59 2064 124 2138 ista
138 2061 241 2138 totius
257 2059 413 2134 carminis
431 2057 682 2166 composuisset
698 2060 818 2159 paullo
837 2058 984 2160 peritior.
1034 2060 1104 2138 Vi·-
1166 2058 1168 2062 ⁸

61 2199 161 2273 detur
182 2217 297 2269 autem
315 2191 514 2289 bipartitum
526 2191 689 2264 habuisse
704 2214 957 2287 argumentum.
992 2195 1103 2288 prima

60 2359 139 2428 pars
161 2355 303 2403 omnem
323 2322 511 2399 venationis
533 2296 811 2429 suppellectilem·
830 2345 932 2426 atque
955 2353 1103 2423 appara-

61 2485 139 2536 tum
165 2434 439 2552 comprehendit3
474 2452 510 2525 in
531 2474 626 2548 parte
638 2456 753 2569 ‘altera
774 2453 862 2559 quid
888 2457 1105 2560 descripserit

60 2567 213 2671 versibus
233 2604 467 2670 asa-ass.
487 2585 703 2687 signficavit:
790 2688 793 2693 Ι
828 2689 831 2695 ¹

159 2762 314 2833 Horum
346 2758 516 2827 animum
548 2779 742 2852 moresque
771 2758 891 2829 sintul
919 2783 1105 2854 naresque

740 2914 908 2985 ‘sagaces
1110 2922 1115 2959 1

163 3024 256 3095 Mox
280 3026 455 3118 reseram.

60 3182 172 3279 Hinc,
201 3180 370 3284 optimam
390 3201 522 3277 partem
543 3178 718 3274 carminis,
750 3208 840 3285 quae
860 3203 911 3258 esa
932 3182 977 3258 de
996 3212 1111 3293 vena-¹

63 3314 154 3391 tione
166 3294 242 3416 ipsa
257 3340 452 3411 canumque
465 3312 598 3407 virtute,
618 3313 761 3389 audacia
775 3336 809 3395 et
823 3312 1013 3415 sagacitate,
1037 3345 1107 3413 pa.

63 3442 300 3544 tetinteriisse3
325 3473 433 3544 quam
447 3445 528 3523 inde
548 3447 591 3520 ab
605 3474 708 3522 versu
723 3463 805 3553 821
797 3475 944 3595 capere
953 3446 1106 3553 initimn,

63 3575 229 3679 equidem
242 3604 371 3654 censeo.
421 3577 541 3691 Iamsi
555 3579 599 3654 de
613 3578 762 3654 carmine
775 3577 938 3654 universo
958 3609 1036 3658 vere
1055 3604 1107 3657 est

64 3707 325 3803 aestimandum,
350 3700 998 3813 quotemporescriptumapoelasit,
1007 3680 1120 3789 11111Ιῖ41

64 3864 142 3916 tum
164 3840 283 3915 attinet
305 3839 476 3918 sciscitari.
525 3842 569 3918 Id
592 3844 691 3940 quod
712 3836 944 3949 0110311110
942 3806 1123 3973 (piam
1136 3860 1147 3895 1

65 3973 127 4048 etsi
154 3971 333 4051 videbatur
355 3975 616 4074 Wemsdorm,
649 3970 803 4078 intelligi
814 3972 970 4080 10131111.Ι
976 3938 1122 4055 11111111
1218 3954 1234 4023 .'
