2686 4928
519 360 866 441 *lii-

265 581 294 622 v.
311 557 386 626 864.
427 563 592 627 Destricto.
628 563 753 631 Vulnus
772 567 878 652 ipsum
891 567 1005 633 dicitur
1016 567 1214 653 destrictum,

154 663 317 746 quoniam
345 663 380 726 fit
403 663 624 750 destringenda
646 667 677 733 h.
699 689 726 735 e.
747 670 942 738 abradendo.
987 671 1076 739 Leve
1094 674 1209 741 vulnus

152 767 382 850 interpretatur
398 767 547 836 Heinsius
564 784 596 837 et
611 770 768 836 Ovidium
785 792 1016 842 commemorat
1035 776 1097 862 Ep.
1110 777 1208 865 XVI,

151 867 227 934 275.
249 867 473 937 Burmannus:
508 876 578 939 Non
601 895 669 938 mea
690 889 759 939 sunt
781 901 897 941 summa
923 881 1031 946 leuiter
1058 885 1207 966 destricta

153 977 271 1053 sagitto
293 975 445 1058 Corpora.

257 1168 287 1211 v.
303 1144 379 1214 365.
422 1150 501 1232 Ipse.
546 1149 741 1216 Venatoiem
759 1152 910 1235 intellige.
963 1153 1100 1217 Validam
1114 1153 1203 1238 peior

155 1263 203 1315 est
214 1249 420 1334 quorundam
434 1251 590 1318 librorum
606 1257 767 1342 scriptura.
811 1255 900 1340 Quid
915 1256 1001 1321 enim
1018 1279 1114 1344 opus,
1139 1255 1203 1319 du-

159 1353 232 1439 plici
246 1353 387 1441 epitheto
399 1355 524 1438 signare
538 1359 692 1426 salivam?
736 1364 875 1426 Genitale
888 1360 1032 1427 malebat
1045 1359 1203 1425 Heinsius.

161 1458 225 1524 Sed
237 1458 300 1522 vid.
321 1478 418 1543 supra
432 1460 472 1522 ad
488 1462 615 1540 v.135.,
636 1465 692 1529 ubi
707 1474 794 1530 erati
817 1469 938 1529 natalia
951 1468 1100 1546 arbitrio,
1126 1463 1202 1548 qui-

156 1563 287 1629 buscum
305 1560 513 1642 Burmannus
534 1566 653 1631 confert
667 1572 773 1633 natale
790 1574 879 1634 decus
898 1569 985 1654 apud
1007 1566 1079 1634 Val.
1099 1566 1201 1630 Flacc.

141 1656 228 1749 Π,
250 1661 305 1732 62.
349 1654 492 1731 salivam
504 1682 630 1750 autem,
649 1672 793 1738 ieiunam
806 1673 982 1758 imprimis,
1007 1686 1116 1734 contra
1129 1667 1201 1732 vul-

147 1772 246 1854 nera,
266 1785 305 1835 ut
323 1759 517 1853 serpentium
538 1795 677 1851 morsus,
700 1775 860 1858 praesidio
883 1793 949 1837 esse
966 1771 1088 1836 Plinius
1109 1773 1210 1835 docet·

148 1874 193 1940 N.
206 1874 251 1941 H.
263 1872 434 1952 XXVIII,
452 1873 500 1954 4.,
529 1873 585 1936 ubi
607 1875 704 1939 etiam
728 1876 784 1939 alii
807 1889 1099 1940 commemorantur
1116 1895 1199 1952 usus,

151 1979 280 2064 mystici
299 1978 448 2062 quidem,
469 1977 634 2042 sedidem
657 1977 807 2045 efficaces.
852 1978 962 2064 Itaque
982 1978 1082 2043 saliva
1105 1995 1199 2059 rege-

150 2080 246 2147 rebat
264 2082 424 2163 contagia,
452 2080 671 2146 fascinationes
692 2084 936 2171 repercutiebat,
960 2083 1082 2167 poculis
1100 2081 1198 2145 etiam

148 2185 272 2250 amoris
295 2187 501 2263 miscebatur,
530 2199 565 2247 ut
586 2187 670 2270 apud
691 2187 894 2273 Propertium
915 2187 964 2252 EI.
987 2187 1039 2251 lib.
1062 2180 1138 2264 tlt,
1165 2187 1196 2251 7.

143 2317 174 2356 v.
197 2292 253 2356 37.

235 2418 283 2509 .v·
300 2445 373 2507 866.
418 2437 618 2502 Difficillime
633 2461 707 2504 cura
725 2456 756 2505 et
770 2444 889 2506 summi
906 2440 1062 2527 ponderis,
1085 2436 1112 2502 si
1127 2458 1207 2501 sero‘

149 2564 278 2639 paratur
292 2545 464 2610 medicina.
509 2546 591 2606 Coro
612 2559 655 2608 cst
674 2548 772 2610 altior
791 2550 853 2610 illis
873 2547 1015 2632 primum
1031 2541 1202 2608 aPithoeo-

144 2651 346 2741 profectum,
369 2649 528 2732 prioribus
544 2648 787 2714 exhibentibus:
810 2674 900 2716 curas
920 2653 1032 2724 altior,
1054 2647 1089 2710 id
1109 2642 1195 2731 qnod
1238 2685 1241 2690 ,

142 2740 289 2821 vitiosae
308 2751 516 2815 librariorum
547 2753 681 2816 debetur
708 2750 910 2819 festinationi.
960 2751 1111 2818 Heinsius
1142 2748 1195 2811 di-

142 2838 244 2927 uersis
264 2855 386 2940 scripsit
406 2855 529 2919 modis:
558 2859 606 2918 illi
628 2868 674 2917 et:
703 2855 800 2916 altior
818 2862 915 2929 omni,
943 2855 1097 2938 posterius
1115 2871 1193 2937 pro·

145 2969 242 3030 batur
262 2961 460 3023 Burmanno.
506 2957 574 3022 Nos
592 2961 624 3019 in
640 2956 814 3021 Pithoeana
837 2958 990 3042 scriptura
1011 2954 1093 3018 nihil
1113 2977 1192 3016 mu-

148 3083 260 3133 tamus.
306 3066 387 3125 Cura
407 3066 503 3124 altior
525 3076 570 3125 est
592 3061 770 3143 diIIgentior
792 3061 916 3141 ceteris,
942 3081 1025 3145 quae
1041 3069 1192 3122 naturam

142 3171 252 3238 morbi
274 3167 397 3253 penitus
419 3167 605 3247 investigare
626 3180 656 3228 et
677 3165 765 3247 quasi
784 3178 947 3246 penetrare
965 3163 1087 3230 debeat.
1132 3162 1193 3223 illis

142 3299 185 3341 sc.
202 3269 432 3344 curationibus,
454 3267 625 3349 dequibus
646 3283 719 3332 ante
738 3267 813 3333 dixi.
858 3266 1032 3352 Sequentia
1046 3269 1092 3334 sic
1106 3265 1192 3329 acci·

141 3401 203 3466 pe:
218 3410 221 3415 ·
239 3373 326 3439 Cum
349 3372 481 3435 latentes
502 3369 691 3434 morborum
719 3367 846 3436 caussie
862 3385 928 3454 ’per
949 3385 1050 3436 totum
1078 3391 1191 3452 corpus

140 3480 305 3548 malorum
326 3476 450 3539 semina
471 3473 671 3557 dispergunt,
696 3490 727 3539 et
745 3497 815 3538 sero
835 3474 1017 3556 intelligitur
1035 3473 1076 3536 ad
1098 3496 1192 3536 sum-

141 3606 237 3651 mum
272 3580 404 3643 crevisse
441 3579 563 3642 vitium.
615 3581 689 3656 Age,
704 3580 880 3660 corporibus
910 3577 1076 3640 simillima
1111 3599 1190 3640 con-

140 3685 311 3756 structione
325 3680 398 3744 Val.
414 3680 520 3744 Flacci
535 3680 606 3758 Vl,
626 3683 699 3744 609.
721 3680 854 3745 illustrat
869 3680 1089 3747 Burmannus:
1113 3687 1189 3744 vini·
1258 3699 1262 3707 ·

140 3813 199 3876 que
221 3800 368 3851 recentem
393 3791 485 3847 sentit
508 3789 561 3862 ogi
585 3785 731 3848 membris.
776 3786 847 3848 lam
871 3806 947 3850 vero
963 3808 1074 3868 ,versus
1099 3788 1190 3850 368.:

142 3914 269 3976 seraque
290 3897 429 3972 aperitur
445 3892 536 3950 noxia
555 3909 672 3948 summa
687 3887 803 3970 Imperi
819 3905 850 3952 et
868 3890 1105 3955 inconveniente
1123 3907 1190 3950 ser-

142 3995 252 4063 monis
267 3992 496 4077 compositione
511 3992 594 4052 visus
610 4004 655 4053 est
674 3988 825 4057 laborare.
871 3997 908 4059 ln
928 4018 994 4081 qua
1012 4014 1046 4056 re
1066 3989 1189 4054 duobus

146 4099 312 4186 generibus
328 4095 442 4163 errarit
457 4093 613 4160 Heinsius.
657 4090 744 4160 Nam
762 4098 848 4182 quod
863 4101 1013 4184 scriptum
1032 4098 1079 4163 ait
1099 4115 1133 4159 se
1155 4093 1189 4157 in
