2686 4928
521 342 864 421 -tos—

152 552 305 632 operique
314 541 433 630 facilis.
477 544 567 625 lam,
589 549 746 630 quoniam
760 547 850 613 nulla
869 546 996 632 uspiam
1012 559 1058 613 est
1072 545 1221 634 Syenen·

149 653 240 717 sium
265 669 424 732 equorum
446 646 614 728 nobilitas,
636 654 747 715 Sidene
762 651 900 716 scribere
916 648 1037 716 mavult
1051 650 1219 717 Burman-

150 778 229 833 nus,
266 773 356 836 quae
384 753 534 835 proxima
564 751 637 818 urbs
667 769 712 819 est
746 753 989 839 Thesmiscyrae
1027 755 1062 817 in
1092 755 1216 839 campis

150 856 364 920 Amazonum
393 853 532 936 (Strabo
558 855 632 920 xlt.
658 882 689 942 p.
715 858 827 939 542),
871 876 1010 941 quarum
1038 872 1112 923 sunt
1139 858 1214 943 equi

154 960 365 1025 celeberrimi.
411 957 562 1022 Similem
585 959 800 1045 corruptelam
826 957 919 1025 affert
940 983 978 1026 ex
1000 959 1073 1026 Vat.
1096 959 1212 1028 Flacco

154 1063 227 1142 vt,
251 1060 308 1125 74.

192 1313 195 1318 Ι
261 1261 291 1298 v.
306 1232 515 1300 eote-512.
537 1321 539 1325 Ι
560 1235 702 1318 Parthis,
725 1239 843 1318 fateor,
864 1261 937 1303 suus
953 1235 1090 1302 constitit
1105 1235 1208 1298 honor

153 1345 241 1403 inter
253 1358 307 1401 sua
319 1336 430 1400 mollia
446 1360 539 1416 rura,
564 1363 677 1403 verum
696 1363 770 1424 age,
793 1341 921 1406 veniant
937 1340 979 1404 ad
1001 1339 1205 1419 locasaxosa,

155 1443 354 1526 confragosa,
378 1443 533 1505 nimirum
550 1441 696 1509 deficient
709 1445 875 1529 protinus]
893 1443 1027 1509 lohns.
1072 1440 1205 1508 Confert

155 1547 332 1610 lohnsonus
350 1545 524 1629 Vegetium
547 1547 600 1612 lib.
615 1549 640 1611 l.
663 1571 689 1614 c.
705 1549 774 1614 56.:
799 1552 926 1613 Partitis
948 1551 1128 1612 consuetudo
1146 1561 1202 1623 est,

149 1672 292 1735 equorum
305 1671 424 1728 gressus
443 1653 487 1712 ad
504 1655 631 1715 delicias
644 1655 835 1716 dominorum
849 1656 907 1716 bac
922 1666 991 1716 arte
1007 1654 1135 1716 mollire.

258 1782 289 1888 vi
310 1823 381 1889 509.
409 1830 523 1888 veniat.
566 1825 706 1888 Numeri
734 1823 887 1888 mutatio.
925 1822 1000 1886 vid.
1031 1822 1072 1887 ad
1102 1821 1200 1888 ovid.
1233 1904 1236 1909 ν
1296 1882 1298 1887 .

146 1927 235 1991 Met.
250 1925 339 2009 Vll,
358 1924 428 1993 ⁶55.
474 1927 618 1992 Gronov.
633 1922 1035 2009 adLiv.xxxV111.,29.
1070 1924 1200 1990 Nemes.

147 2054 180 2095 v.
192 2033 220 2098 1.
237 2025 440 2095 Grat.v.122.
454 2034 683 2118 378.]Burm.
717 2035 874 2097 Taburnus
882 2028 1081 2115 Campaniae
1093 2048 1199 2106 mons,

147 2156 236 2198 nunc
258 2136 375 2196 Tuduro
395 2133 428 2195 in
449 2149 536 2198 terra
558 2141 592 2199 di
612 2141 744 2201 Lavoro.
790 2136 871 2201 Eius
889 2136 1092 2221 asperitatem
1105 2153 1198 2197 com·
1260 2150 1263 2153 ’

142 2252 308 2303 memorat
328 2236 461 2302 Servius
484 2241 525 2303 ad
547 2241 635 2320 Virg.
660 2238 701 2304 G.
725 2242 784 2319 lt,
813 2241 864 2302 38.
910 2239 990 2300 Aen.
1009 2238 1100 2315 xlt,
1120 2239 1197 2302 718.

141 2341 273 2409 Cluver.
287 2340 359 2406 ltal.
372 2339 446 2405 Ant.
463 2341 517 2408 lib.
535 2341 592 2407 Ill.
613 2364 637 2405 c.
653 2347 682 2406 7.
728 2341 855 2413 ibidem
873 2337 1034 2405 Caudium
1056 2356 1094 2402 ac
1105 2333 1196 2403 Cau-

148 2446 242 2510 dinae
263 2443 417 2510 furculae.

248 2642 279 2685 v.
301 2620 378 2685 510.
425 2622 601 2699 Garganus,
644 2613 679 2685 ni
701 2619 861 2705 Γάργανον
887 2612 1077 2702 ἀκρωτήριον
1106 2614 1196 2701 apud

143 2723 267 2800 strab„
289 2722 425 2810 Apuliae
439 2747 532 2788 mons
546 2728 644 2808 asper}
653 2737 682 2786 et
695 2721 856 2786 horridus.
901 2720 1011 2784 Horat.
1024 2719 1123 2806 Epist.
1139 2720 1195 2798 II„

142 2834 188 2909 1.,
209 2832 284 2894 202.
330 2827 501 2890 Hodiernis
515 2840 560 2890 est
575 2826 676 2899 Italis:
699 2827 805 2890 Monte
815 2827 851 2887 di
862 2827 893 2886 S.
908 2827 1036 2902 Angeia.
1157 2902 1159 2907 Ι

163 2984 167 2989 ¹
249 3028 276 3069 v.
300 3001 376 3069 511.
417 3003 498 3066 Ante
523 3023 612 3083 opus,
656 3015 832 3083 antequam
855 2997 953 3061 finem
975 2993 1108 3077 attingat
1135 3008 1194 3055 ve-

142 3106 299 3186 nationis,
341 3110 482 3178 excussis,
504 3105 642 3182 extritis,
663 3102 715 3168 vel
735 3101 819 3168 elisis
841 3103 924 3167 inter
944 3099 1047 3167 silices
1066 3091 1193 3180 ungulis

139 3209 258 3295 cadet]
281 3208 470 3274 Wernsd.

245 3386 355 3451 otte.
365 3386 456 3464 Deus,
465 3395 587 3446 natura.
595 3377 705 3445 Horat.
713 3373 863 3462 Carm.l.‚
873 3383 935 3459 te,
951 3378 995 3463 3.]
1007 3368 1192 3442 Wernsd.

184 3580 188 3587 '
245 3595 274 3639 v.
290 3571 497 3638 513.-5to.
540 3569 585 3635 At
599 3582 707 3632 contra
720 3567 772 3631 aio
786 3570 856 3641 tili,
876 3580 1001 3630 montes
1011 3562 1191 3649 Pyrenaeos

139 3698 223 3762 equo
231 3675 376 3760 Hispano
391 3673 589 3740 sineollensa
602 3671 766 3757 percurri]
776 3670 960 3734 Wernsd.
980 3667 1032 3731 De
1040 3663 1190 3731 Callaicis

141 3782 250 3867 equis,
276 3799 391 3863 genere
406 3777 640 3855 laudatissimo,
667 3775 749 3840 ludis
766 3776 863 3838 etiam
879 3768 1078 3839 Circensibus
1093 3768 1190 3832 nobi·
1264 3843 1268 3847 Ι

140 3883 237 3948 litatis
265 3881 407 3967 loquitur
434 3877 599 3946 Drakenb.
628 3879 670 3943 ad
693 3877 809 3941 sitium
831 3876 923 3942 XVI.
940 3903 974 3944 v.
998 3879 1070 3942 330.
1121 3872 1189 3936 Titi

142 3987 302 4052 redundat
315 3988 348 4050 in
363 3988 449 4052 comi
466 4001 497 4050 et
512 3983 667 4048 familiari
681 3980 837 4067 alloquio,
857 3980 947 4066 quasi
967 3981 1044 4045 alter
1065 3974 1190 4051 nesciat,

143 4091 229 4175 quod
241 4112 351 4158 sumus
365 4090 487 4154 dicturi.
531 4087 655 4154 Terent.
673 4085 758 4151 Eun.
773 4085 848 4166 IV.,
870 4089 918 4165 7,,
941 4087 990 4150 30.
1007 4096 1037 4148 et
1050 4078 1136 4146 alibi.
1205 4092 1207 4096 '
