2686 4928
521 370 868 453 -'-·l23-··-·

142 566 300 650 ·'similia,
316 568 358 637 de
371 572 484 657 quihus
495 573 560 640 vid.
568 572 678 639 Burm.
691 578 732 641 ad
740 576 837 643 Ouid
846 574 938 641 Pont.
950 572 1025 655 lll.‚
1039 580 1105 643 61·
1133 578 1217 645 Per-

139 679 277 761 'p'eram
297 690 409 740 tamen
431 700 488 763 quo
502 679 571 763 fine
591 698 610 741 a
630 678 819 744 Burmanno
843 680 1014 765 explicatur
1035 704 1093 765 quo
1115 686 1216 748 medo.

141 769 267 845 “Nihiti
280 795 357 843 sunt
377 781 524 866 exempla
546 802 564 845 e
577 779 673 847 Floro
686 782 742 864 lt,
767 786 815 847 15.
845 784 917 847 Val.
933 782 1019 848 Max.
1033 783 1107 865 Vl.,
1122 789 1169 860 6.,
1184 791 1216 851 2.

161 882 273 947 Horat.
291 882 358 947 Sat.
373 882 414 964 1.,
432 887 477 965 1.,
495 889 567 951 106.
607 888 722 964 Regere
742 909 816 949 cum
839 885 975 949 ablativo
996 886 1085 970 iungi
1107 906 1217 973 potest,

146 986 295 1071 ·quando
316 1008 427 1053 caussa
456 989 659 1072 exprimitur,
693 1011 756 1072 qua
779 987 917 1055 efficitur
938 1003 968 1054 et
990 990 1032 1051 ad
1055 1013 1155 1074 quam
1182 1014 1218 1059 se

159 1088 262 1155 relert
275 1092 431 1176 regimen.
476 1090 559 1154 Hinc
572 1107 634 1170 est,
656 1094 741 1176 quod
748 1091 859 1161 Cicero
875 1091 1055 1177 inquitOff.
1065 1094 1139 1176 111,
1150 1103 1217 1178 21,

164 1196 332 1258 uilitatem
354 1198 670 1274 dirigere-honestate.

181 1322 185 1327 '
270 1336 301 1376 v.
327 1315 401 1377 328.
451 1312 609 1397 Deinceps
634 1315 699 1398 agit
727 1314 768 1380 de
794 1312 934 1393 familia,
972 1336 1056 1400 quae
1083 1316 1218 1384 canibus

160 1414 342 1481 ··e‹lucan‹tis
364 1418 462 1480 etad
491 1420 693 1482 venationem
714 1420 894 1482 exercendis
916 1420 1060 1485 addatur.
1102 1420 1218 1489 Atten-

151 1520 313 1585 ·deudum
334 1536 382 1585 est
401 1535 508 1585 autem
525 1522 567 1585 ad
588 1522 772 1600 artificium,
799 1545 955 1605 quorem
979 1539 1027 1589 sat
1045 1527 1160 1593 exilem
1184 1542 1218 1593 et

167 1636 299 1689 tenuem
313 1624 355 1689 ad
369 1626 547 1705 imaginum
567 1641 597 1689 et
612 1625 841 1689 iucunditatem
856 1641 885 1691 et
900 1629 1112 1707 granditatem
1128 1629 1217 1696 Gra-

139 1726 232 1795 ·'tius
252 1727 407 1792 extulerit.
450 1727 538 1792 Nam
560 1750 662 1812 paene
684 1731 765 1791 inter
785 1744 884 1791 eastra
906 1731 1120 1815 militiamque
1141 1757 1217 1798 ver-

162 1833 234 1897 sari
252 1831 341 1897 nohis
362 1833 517 1894 uidemur.
561 1831 803 1914 Propemodum
825 1831 866 1893 ad
883 1830 1010 1914 Virgilii
1032 1836 1217 1919 exemplum

140 1932 291 2019 ''Georp
306 1934 359 1998 lV.
382 1938 470 1998 duces
492 1935 714 2018 praeficiuntur
737 1934 864 2013 catulis,
901 1935 1092 2021 additurque
1115 1945 1215 2023 impe-

145 2044 271 2113 ·'rium,
304 2062 413 2118 regno,
452 2063 558 2120 ormo,
596 2042 704 2101 bellum
740 2039 846 2122 ipsum
872 2054 904 2102 et
931 2044 1006 2103 sosii
1038 2059 1215 2125 occurrunt,

170 2143 282 2207 otnnia
296 2143 434 2224 denique
454 2144 494 2204 ad
509 2143 667 2206 humanae
680 2145 763 2206 vitae
778 2144 958 2207 societatem
972 2160 1001 2208 et
1017 2146 1216 2246 coniunctio-

164 2266 246 2311 nem
260 2260 357 2330 atque
375 2246 415 2308 ad
431 2251 515 2310 vitae
536 2248 672 2327 vulgaris
694 2249 1059 2318 usumtaccommodata.
1104 2246 1215 2316 Custos

151 2352 263 2435 'igitur
285 2351 462 2413 catulorum
487 2365 517 2413 et
538 2350 686 2430 magister
706 2348 807 2430 qualis
830 2348 942 2411 debeat
965 2371 1045 2427 esse,
1076 2352 1215 2417 demon-

159 2468 293 2520 ·etratur.
338 2452 413 2517 Esto
433 2453 485 2515 ille
509 2455 667 2515 iuventute
689 2451 831 2529 validus,
859 2468 951 2536 atque
976 2450 1030 2533 isch]
1049 2455 1083 2521 ἐκ
1104 2452 1215 2533 παιδός

170 2552 326 2624 ἆλλυίττων
345 2551 400 2636 τῆν
421 2555 554 2638 ἡλικίαν,
597 2571 632 2618 ut
649 2560 693 2619 ait
707 2555 889 2642 Xenophon
907 2558 946 2620 de
961 2574 1063 2623 venat.
1079 2581 1145 2646 cap.
1162 2563 1214 2641 ll.,

168 2664 195 2746 s.
208 2668 242 2732 2.

271 2781 310 2843 vl
328 2781 402 2843 328.
427 2800 551 2862 unusque
574 2782 728 2857 magister.
778 2773 933 2857 Magister
953 2780 1149 2860 catulorum,
1179 2797 1215 2846 ut

167 2888 316 2965 magister
329 2886 482 2965 equitum]
501 2881 630 2944 lohns.

272 3040 304 3081 v.
325 3018 398 3079 329.
425 3037 608 3099 poenamque
632 3035 819 3095 operamque.
865 3011 968 3074 Voces
998 3009 1130 3074 Heinsio
1157 3037 1216 3077 su·

170 3123 313 3211 spectae,
348 3122 422 3202 quia
450 3123 561 3180 rectius
580 3124 761 3190 jministrare
789 3137 933 3199 operum,
967 3135 1066 3196 quam
1088 3141 1216 3199 poenam

169 3227 314 3293 ducebat.
361 3222 424 3286 Sed
442 3244 575 3304 zeugma
591 3237 634 3284 est
649 3220 897 3283 usitatissimum.

275 3385 305 3424 v.
321 3360 393 3423 330.
436 3360 512 3417 huizc
533 3368 662 3437 spectet,
681 3352 712 3419 h.
728 3375 754 3420 e.
768 3369 879 3416 nutum
900 3353 967 3414 eius
983 3369 1136 3436 perpetuo
1154 3355 1216 3424 ob-

173 3479 289 3541 servet,
317 3459 421 3524 oculos
443 3458 482 3520 ab
504 3481 540 3521 eo
563 3480 627 3520 non
650 3458 827 3521 demoveat.
871 3459 1058 3516 Iuventatem
1080 3458 1217 3542 appellat

174 3591 281 3646 canes,
316 3564 395 3627 sicut
417 3562 571 3644 Virgilius
596 3583 670 3645 apes
694 3557 810 3639 Georg.
829 3557 901 3637 lV.‚
927 3557 1001 3639 22]
1033 3558 1216 3629 Wernsd.

174 3672 298 3735 Eadem
318 3664 384 3727 sere
401 3667 537 3749 postulat
552 3669 586 3728 in
604 3677 752 3728 venatore
770 3660 911 3744 Oppian.
928 3656 1005 3744 Cyn.
1019 3661 1060 3738 l.,
1080 3668 1132 3729 86,
1148 3690 1214 3749 sqq,

111 3793 117 3830 r
176 3776 258 3841 Vere
271 3783 383 3856 spectet
399 3767 727 3852 explicavitWernsd,
753 3761 894 3828 Contulit
907 3764 1109 3829 Burmannus
1120 3768 1217 3849 Ovid·

111 3870 118 3922 l
179 3877 284 3941 Amor.
306 3871 411 3951 l.,4.,
438 3877 487 3933 17.
525 3876 654 3936 Terent.
678 3867 818 3950 Adelph.
842 3866 901 3943 ll.,
927 3870 971 3943 1.‚
993 3872 1041 3929 16.
1074 3870 1217 3942 Eunuch.

111 4005 113 4012 ’
180 3978 233 4060 V.,
257 3984 305 4054 6.,
329 3981 378 4041 18.
423 3975 565 4038 Torreut.
582 3975 623 4036 ad
639 3973 746 4035 llorat.
762 3970 859 4053 Epist.
874 3968 917 4047 l.,
942 3975 999 4044 to,
1020 3970 1072 4034 57.

279 4099 398 4167 uest.
441 4095 625 4164 Arbitrium,
646 4092 666 4152 i.
684 4111 709 4152 e.
727 4094 912 4169 imperium]
934 4086 1008 4150 loh
1017 4110 1038 4149 u
1046 4111 1070 4154 s.
