2686 4928
505 366 851 440 -163—

140 572 285 656 praebet.
330 569 521 649 Respondere
544 568 584 630 de
604 567 717 633 vitibus
740 568 836 633 habet
855 567 1037 640 Columella
1056 578 1132 660 111..
1153 594 1196 665 2,,

145 680 199 738 11.
253 672 366 754 Itaque
395 674 492 733 multa
521 685 578 734 aut
606 694 680 735 cum
710 671 868 737 lohnsono
898 677 1055 745 feminino
1084 709 1197 770 genere

146 777 271 840 dictum
292 789 370 859 puta
392 795 450 858 pro
471 778 615 856 benigna,
647 773 696 837 vel
719 791 829 839 neutro
851 778 995 861 pluralis,
1030 800 1197 875 tamquam

149 881 319 962 scripsisset
341 879 445 938 multis
467 882 498 938 in
522 880 615 939 rebus.
659 874 841 961 Praeplacet
862 887 1022 964 posterius.
1066 891 1198 967 Alienus

154 998 197 1047 est
209 997 291 1046 certe
309 979 418 1044 Valer.
430 978 533 1044 Flacc.
548 979 665 1062 Argon.
680 979 755 1059 Vl,
775 987 865 1046 223.:
885 988 1112 1067 plurimasilvr's
1122 1027 1199 1081 per.

152 1090 277 1166 vigilat,
314 1106 381 1146 non
402 1084 507 1147 minus
535 1104 636 1167 quam·
653 1081 778 1147 Ennius
800 1088 886 1171 apud
913 1084 1013 1156 Cicer.
1035 1094 1142 1167 Divin.
1164 1107 1198 1190 l„

151 1195 221 1255 20.:
243 1191 340 1258 multo
360 1210 469 1251 manus
490 1190 534 1249 od
553 1189 629 1249 coeli
650 1190 775 1251 caerulo
795 1195 911 1274 templa
931 1199 1106 1277 tendebam,
1128 1205 1199 1272 H0.

153 1295 316 1375 ratiusque
328 1288 435 1354 Carm.
452 1290 493 1371 l.,
515 1294 544 1353 7.
559 1315 587 1357 v.
604 1295 637 1356 8.
678 1292 827 1359 Heinsius
840 1295 997 1364 malebat:
1008 1302 1112 1370 'culta

263 1469 290 1510 v.
312 1445 518 1512 tea-540.
559 1445 612 1511 De
637 1468 790 1531 equorum
808 1453 843 1513 in
870 1458 1038 1524 venatione
1059 1485 1117 1528 usu
1141 1487 1200 1532 ex-

160 1550 294 1636 ponitur.
336 1549 423 1613 Eam
445 1566 569 1634 partem
592 1553 742 1616 carminis
768 1576 831 1618 non
857 1557 1031 1640 perfectam
1059 1582 1145 1649 pater
1172 1587 1203 1637 et

158 1657 375 1734 elaboratam,
409 1653 465 1716 sed
487 1653 672 1717 inchoatam
696 1678 734 1717 ac
754 1659 865 1739 primis
891 1665 979 1742 quasi
1002 1663 1204 1738 lineamentis

151 1759 382 1825 adumbratam
397 1775 473 1820 esse.
515 1756 634 1839 ltaque,
658 1757 713 1819 etsi
727 1777 784 1818 nec
799 1764 1028 1825 sententiarum
1042 1788 1206 1841 venustate

155 1887 235 1952 pars
256 1864 319 1926 ista
338 1879 393 1922 nee
409 1879 619 1922 numerorum
639 1858 779 1941 pondere
802 1874 831 1922 et
853 1865 1005 1944 gravitate
1023 1886 1122 1952 caret,
1154 1891 1206 1941 ta-

160 1988 242 2031 men
258 1961 379 2027 dicendi
393 1984 490 2046 genus
505 1962 608 2026 ubivis
627 1982 771 2047 pressum
793 1964 889 2029 nimis
908 1982 937 2030 et
958 1986 1110 2041 coactum.
1154 1978 1207 2046 De

161 2071 282 2136 eadem
303 2085 336 2130 re
355 2063 526 2150 Olympius
549 2066 614 2151 agit
632 2064 845 2132 Nemesianus
868 2068 944 2137 inde
961 2096 982 2141 a
1006 2096 1099 2143 versu
1120 2082 1207 2166 240,

159 2174 218 2240 sed
234 2169 336 2236 multo
349 2167 472 2254 plenius
487 2184 582 2254 atque
598 2168 732 2232 facilius.

263 2327 295 2370 v.
316 2302 524 2371 tea-500.
568 2300 695 2379 Restat,
725 2314 759 2362 ut
781 2321 935 2384 equorum
956 2321 1047 2372 notas
1070 2313 1208 2382 definia-

161 2413 240 2477 mus'
268 2409 434 2473 venationi
470 2420 626 2490 aptorum.
688 2401 839 2486 Namque
875 2428 940 2471 non
975 2432 1074 2476 omne
1111 2437 1209 2498 genus

165 2534 318 2599 equorum
341 2511 392 2575 his
413 2509 531 2575 artibus
555 2507 708 2570 convenit.
751 2505 874 2574 Vitiosa
897 2511 1038 2596 indoles,
1071 2523 1210 2605 corporis

166 2615 335 2680 infirmitas
349 2617 457 2698 visque
476 2614 686 2694 intemperata
702 2611 857 2675 damnum
878 2612 1027 2684 afferunt.
1071 2619 1140 2704 En,
1162 2645 1212 2693 res

163 2741 276 2784 omnes
297 2719 340 2783 ad
360 2733 510 2782 naturam
532 2715 710 2777 humanam
730 2715 931 2796 compositae.
973 2742 1002 2788 v.
1023 2722 1097 2791 497,
1126 2749 1214 2811 equos

153 2826 255 2910 finire
269 2827 351 2885 notis
364 2843 455 2885 versu
467 2820 541 2884 289.
557 2818 696 2880 dixerat:
716 2836 890 2897 percensere
902 2823 991 2884 notis.
1035 2826 1141 2889 Finire
1156 2851 1214 2913 pro

164 2929 297 3011 definire
309 2925 382 3003 dici,
396 2920 551 3006 exemplis
561 2920 755 2985 demonstrat
764 2917 966 2983 Burmannus
975 2920 1017 2985 ad
1025 2921 1214 3006 Quintilian.

167 3031 272 3097 lunia
283 3029 336 3093 lib.
345 3027 386 3093 ll.
400 3051 424 3091 c.
437 3030 466 3090 1.

274 3186 305 3227 v.
332 3160 406 3225 498.
449 3163 542 3222 audet
569 3165 601 3220 in
636 3172 728 3221 artes,
791 3160 857 3222 lta:
874 3238 877 3246 1
894 3162 1006 3222 audere
1035 3164 1066 3220 in
1095 3165 1216 3243 proelia

167 3273 262 3354 Virg.
279 3265 360 3330 Aen.
376 3265 436 3340 ll..
459 3265 531 3327 347.
575 3260 672 3326 Ovid.
687 3260 771 3324 Fast.
789 3260 843 3339 V.,
869 3260 939 3329 175.
962 3265 1097 3326 audatia
1112 3289 1215 3347 apros.

168 3369 338 3439 cfr.Grat.
353 3393 381 3432 v.
394 3371 446 3430 73.
467 3364 575 3427 Barth.
590 3363 632 3427 ad
647 3360 815 3427 Claudian.
829 3363 901 3426 bell.
916 3364 1123 3431 Gitavaee.
1148 3367 1218 3433 Ta„

170 3478 276 3542 citum
289 3473 367 3537 Hist.
381 3470 442 3547 lt,
459 3471 527 3532 71.:
548 3471 693 3532 advorsus
706 3469 855 3529 Neronem
869 3489 958 3544 ansus
974 3466 1067 3530 allert
1082 3468 1195 3539 Burm‚
1232 3558 1236 3564 Ι

279 3605 393 3673 ntae.
436 3599 485 3667 Ex
501 3608 602 3666 animo
622 3625 666 3667 sc.
686 3596 810 3662 imbelli
830 3599 880 3661 vel
898 3598 1033 3663 fallente.
1080 3600 1126 3665 lta
1146 3623 1219 3668 vere

170 3713 285 3780 lohns.
298 3708 444 3774 Obscure
452 3707 615 3770 Heinsius:
635 3719 681 3770 ost
694 3708 812 3780 vitium,
833 3715 876 3764 ost
889 3705 1000 3762 animo.
1044 3707 1128 3779 Sunt,
1149 3727 1220 3788 quos

174 3817 315 3880 imbellia
329 3810 446 3894 {allant
459 3833 553 3892 corp,
572 3823 699 3892 propter
713 3803 931 3869 infirmitatem
949 3805 998 3868 vel
1014 3809 1219 3889 exiguitatem

174 3917 448 4004 corporis-parum
464 3910 665 3997 respondent.
709 3902 773 3971 Clr.
784 3904 943 3990 frustrata
959 3930 987 3972 v.
1002 3913 1073 3973 320,

285 4072 314 4142 v.
329 4045 404 4114 500.
447 4045 500 4110 De
513 4045 661 4127 quondam
673 4043 736 4107 vid.
753 4065 779 4103 v.
800 4045 869 4104 126.
887 4039 956 4115 194.

874 4173 913 4234 ll
936 4171 954 4207 *
