2686 4928
503 314 587 431 -ss-
634 373 708 450 ἰη
763 413 847 428 --

253 603 283 644 v.
300 581 330 644 1.
376 576 477 642 Vetus
490 589 558 642 erat
569 575 682 662 opinio
696 573 868 659 scaligeri,
890 576 1039 640 vitiosam
1057 595 1122 644 esse
1137 583 1201 641 nu-'

139 704 316 751 merorum
340 681 554 746 diversitatem
575 682 610 744 in
632 678 736 742 verbis
757 702 833 743 cuno
854 694 885 744 et
904 684 1086 764 pandimus5
1120 701 1203 765 quae

143 788 284 873 quidem
308 782 419 870 opinio
440 780 574 868 Caspari
589 780 701 847 Barthi
722 800 866 848 mentem
885 786 965 849 adeo
985 805 1204 870 praeoccupa·

145 907 216 955 tam
239 889 451 971 obtusamq'ue
479 888 598 963 tenuit,
631 899 668 947 ut
696 900 856 952 vetustam
887 889 1099 974 corruptelam
1129 890 1206 955 libri

152 996 200 1057 sui
218 996 405 1077 perditam,
431 990 467 1052 id
491 1005 536 1054 est
555 993 711 1072 aperimur
726 993 792 1053 Deo
814 995 961 1066 intranti,
989 992 1205 1059 revocandam

153 1116 219 1160 esse
246 1096 340 1158 omni
368 1107 567 1158 sacramento
599 1094 809 1159 contenderet.
853 1095 960 1160 Nemo
989 1097 1035 1160 ita
1062 1118 1207 1180 unquam

149 1199 273 1263 dixerit
291 1200 465 1282 pendimur.
517 1195 657 1261 Numeri
681 1199 893 1263 variationem
913 1199 1066 1284 exemplis
1087 1198 1207 1264 confir-

152 1301 262 1366 mavit
273 1288 495 1380 Burmannus,
516 1295 601 1366 Con.
616 1300 658 1364 ad
675 1296 741 1364 Cic.
755 1298 849 1364 Fam.
863 1301 917 1382 V.,
939 1303 988 1368 14.
1011 1303 1109 1370 Ovid.
1122 1303 1207 1371 Fast.

156 1404 235 1482 lit,
264 1407 332 1470 863.
376 1399 580 1488 Properti,
608 1407 655 1483 7.,
678 1404 708 1470 5.
754 1402 873 1468 Statius
905 1408 996 1490 epist.
1026 1423 1098 1475 ante
1127 1408 1207 1476 silv.

158 1506 236 1572 HL:
255 1514 324 1593 quia
337 1512 418 1592 sequi
432 1530 491 1570 non
505 1525 680 1592 poteramus
695 1514 796 1572 —sie
809 1524 984 1590 prosecutus
997 1536 1072 1576 sum.
1116 1516 1207 1590 Cane,

158 1611 243 1694 quod
265 1608 408 1677 Gronov.
431 1613 580 1693 coniecit,
606 1612 861 1697 putidissimum,
889 1635 994 1698 neque
1015 1617 1102 1679 enim
1117 1620 1209 1682 cani-

151 1716 213 1780 bus
241 1729 310 1778 tota
339 1713 470 1779 efficitur
498 1716 635 1779 venatio.
677 1718 860 1798 Hilarospue
881 1715 948 1777 vult
972 1717 1123 1781 Heinsius
1144 1742 1211 1782 non

152 1818 264 1881 aliam
284 1817 327 1880 ob
347 1840 503 1900 caussam,
532 1820 593 1881 nisi
615 1819 768 1901 quoniam
790 1814 963 1878 Prudentio
977 1815 1122 1882 Hamart.
1136 1820 1210 1886 374.

159 1923 301 1984 hilarum
322 1921 410 1988 dedit.
455 1918 606 1985 Ceterum
629 1918 685 1985 cfr.
701 1916 791 1985 Grat.
806 1942 834 1981 v.
854 1922 880 1986 1.

270 2080 299 2122 v.
312 2062 340 2121 2.
357 2063 432 2120 citos
446 2060 604 2120 discursus.
624 2055 686 2118 vid.
701 2076 729 2118 v.
745 2052 797 2119 49.
813 2090 858 2103 --
878 2059 976 2117 securi
987 2057 1109 2138 proelia
1122 2062 1210 2124 ruris.
1263 2041 1264 2045 Ἰ

161 2160 309 2228 Venusta
321 2159 504 2238 antithesis,
526 2160 600 2243 quia
615 2160 736 2242 alioqui
752 2182 804 2222 rus
819 2160 961 2224 tumultu
978 2175 1071 2224 caret.

265 2319 295 2358 v.
311 2300 342 2360 8.
385 2293 475 2357 Vitio
492 2293 604 2355 damus
618 2305 741 2376 poetae,
760 2292 815 2373 qui
832 2294 866 2353 in
882 2294 1048 2375 prooemio
1063 2295 1214 2361 carminis

161 2397 311 2462 didactici
326 2398 369 2461 ad
385 2413 454 2461 tam
474 2397 727 2459 immoderatam
750 2394 978 2457 sublimitatem
1001 2399 1214 2477 assurrexerit,

166 2520 248 2583 quae
260 2500 368 2589 lyricis
382 2501 541 2586 epicisque
552 2500 747 2562 carminibus
761 2499 863 2582 magis
878 2500 1056 2564 conveniat.
1080 2501 1213 2576 Oestrus,

168 2603 250 2686 quod
272 2606 386 2695 insecti
405 2626 502 2688 genus
524 2617 569 2666 est
588 2603 718 2690 proprie
736 2597 905 2688 (οἶστρος),
926 2618 959 2666 ut
982 2604 1070 2686 Virg.
1093 2601 1134 2670 G.
1156 2605 1215 2672 ΙΙΙ.

166 2705 291 2774 146.-
302 2713 389 2789 156.,
411 2709 463 2771 hie
479 2707 518 2769 de
535 2705 640 2771 surore
655 2709 777 2791 poetico
792 2707 903 2770 dictus.
950 2706 1004 2769 Sic
1017 2706 1094 2773 Stat.
1113 2708 1216 2774 Theb.

161 2811 207 2892 I.‚
230 2816 283 2877 32.
329 2812 471 2877 luvenal.
493 2809 546 2871 lib.
562 2810 603 2888 l.,
624 2806 671 2884 4.,
696 2812 767 2870 123.

272 2968 302 3011 v.
319 2945 349 3010 4.
389 2949 519 3010 Helicon
534 2940 712 3027 prollllusis.
758 2937 995 3016 Stat.Theb.l.,
1009 2944 1054 3004 3.:
1075 2975 1120 2990 -·
1142 2949 1220 3010 unde

171 3051 276 3114 iubetis
300 3056 346 3113 ire
365 3053 494 3122 Deae?]
514 3045 683 3108 Wernd.
730 3047 877 3123 Ingentes.
912 3041 1009 3106 Recte
1034 3047 1165 3122 ingentes
1187 3065 1222 3116 ut

168 3153 373 3218 venatoribus
408 3175 495 3216 mos:
534 3154 580 3214 ita
608 3147 777 3211 Maenalus
805 3152 907 3224 ingens
936 3145 1033 3212 Ovid.
1063 3147 1146 3217 Fast.
1170 3151 1223 3238 V,

167 3255 239 3340 89]
258 3255 391 3319 Burm.
434 3256 610 3339 Perperam
636 3249 790 3313 intellexit
815 3250 920 3314 verba.
962 3252 1012 3316 Tu
1034 3254 1080 3317 sic
1100 3257 1223 3340 accipe:

168 3367 321 3440 ingentem
335 3359 367 3422 h.
378 3380 405 3422 e.
420 3359 482 3421 late
492 3371 665 3441 patentem,
688 3359 849 3418 materiam
865 3360 945 3420 iubet
957 3372 1105 3422 tractare.
1136 3354 1221 3422 Cum

168 3465 294 3529 viatore
309 3484 343 3527 se
361 3477 541 3547 comparat,
564 3476 599 3525 ut
614 3481 708 3525 verss.
723 3463 752 3523 6.
775 3463 805 3522 8.
833 3494 837 3502 ·
1081 3448 1084 3455 ’

277 3618 307 3661 v.
324 3578 358 3660 5.
399 3593 733 3671 ProbamnsMeursii‚
754 3588 913 3670 Scriverii,
927 3587 1050 3655 Heinsii
1065 3592 1227 3661 coniectu-

172 3722 246 3766 ram
265 3701 465 3781 Custaliique,
485 3720 542 3760 nec
557 3713 706 3781 putamus
720 3695 889 3757 Castalium
911 3691 972 3755 dici
993 3715 1050 3777 pro
1069 3695 1227 3782 Apolline.

176 3805 386 3886 Castaliusque
407 3805 480 3862 milri
496 3823 576 3862 nova
591 3801 701 3880 pocula
715 3795 814 3883 fontis
829 3798 945 3857 alumni
956 3799 1073 3878 Ingerit
1090 3801 1225 3864 coniecit

171 3908 402 3985 Burmannus,
425 3919 460 3966 ut
470 3903 542 3988 sons
556 3904 694 3966 alumnus
715 3915 791 3967 esset
805 3903 849 3977 is,
871 3901 927 3983 qui
947 3901 1006 3966 alit
1025 3917 1120 3966 vates.
1164 3899 1231 3967 Ut-

110 4002 113 4007 *
179 4031 307 4096 cunque
329 4024 391 4088 est,
413 4008 474 4071 hoc
495 4007 587 4074 dicit:
605 4028 724 4070 novum
741 4002 824 4069 mihi
839 4004 981 4070 studium
1001 4004 1134 4070 canendi
1156 4027 1230 4088 sug·

182 4118 269 4204 gerit.
