2686 4928
501 304 609 478 -ss-fl
638 352 721 437 17⁵·
763 401 849 419 --

254 582 288 632 v.·
301 559 357 632 24.
402 563 576 648 Imperium
600 576 779 643 cruentum,
805 586 871 650 quo
891 561 1023 629 Danaus
1039 565 1199 649 quinqua·
1222 641 1226 644 ,

140 673 233 755 ginta
251 666 381 731 filiabus
399 666 586 751 imperavit,
611 689 741 754 sponsos
760 689 830 734 suos
850 670 957 752 prima
977 682 1068 733 nocte
1089 689 1200 735 omnes

140 793 269 838 necare.
328 768 366 836 V.
387 767 484 837 ovid.
506 770 581 840 Her.
602 773 694 838 XlV.
737 770 887 855 Apollod.
909 771 966 838 lib.
987 772 1029 843 11.
1074 777 1203 857 Foedus,

145 875 345 942 concubitus.
391 871 489 945 ovid.
505 873 580 942 Her.
595 876 669 954 lv„
693 871 781 959 tle]
794 875 846 939 W
853 875 984 943 ernsd.

250 1038 282 1079 v.
295 1017 363 1080 26..
396 1016 549 1097 Bittius,
571 1014 678 1080 Mileti
692 1012 794 1094 filiae,
816 1035 899 1100 quae
917 1029 1045 1100 propter
1065 1015 1203 1081 scelera-

149 1137 237 1201 tum,
265 1118 382 1202 qno-in
399 1113 548 1183 Caunum
562 1119 697 1183 fratrem
711 1119 871 1202 flagravit,
896 1140 1061 1202 amorem,
1088 1119 1157 1204 ipsa
1168 1138 1205 1184 se

144 1222 322 1290 interfecit.
363 1219 465 1286 ovid.
478 1220 559 1287 Met.
573 1222 649 1302 ΙΧ.,
669 1221 743 1287 153.
760 1245 827 1308 sqq.

261 1386 289 1426 v.
310 1362 472 1428 26.-29.
515 1361 601 1427 Nota
628 1362 737 1429 sabula
765 1364 806 1428 de
834 1363 951 1430 incesta
973 1361 1127 1450 Myrrhae
1153 1358 1205 1426 vel

157 1467 333 1555 Smyrnae,
359 1484 443 1548 quae
462 1463 512 1527 vel
534 1465 639 1530 Thiae
656 1481 687 1532 et
699 1466 869 1552 Arithyae,
895 1468 947 1533 vel
961 1465 1100 1554 Cinyrae
1115 1460 1204 1528 Cen-

158 1564 355 1656 chreidis'que
383 1563 453 1631 filia
489 1567 612 1635 dicitur.
670 1570 722 1633 Ea
752 1571 889 1636 Veneris
919 1569 1052 1638 artificio
1089 1558 1207 1633 exarsit

154 1673 296 1737 nefando
317 1673 354 1735 in
372 1684 498 1756 patrem
523 1694 641 1738 amore.
686 1674 743 1737 llle
763 1676 859 1755 igitur
881 1690 990 1757 aperto
1010 1671 1127 1736 scelere
1149 1673 1206 1735 in-

149 1788 289 1842 sectatus
303 1787 350 1841 est
362 1773 479 1853 liliam,
508 1775 607 1839 donec
621 1777 655 1838 in
671 1773 790 1837 Arabia
804 1788 980 1837 mutataest
991 1773 1025 1834 in
1039 1772 1212 1856 myrrham·

152 1878 323 1945 arborem.
366 1874 459 1943 ovid.
474 1879 553 1943 Met.
567 1878 623 1956 X„
644 1877 716 1945 465.
740 1877 855 1962 Hygin.
871 1876 934 1940 sab.
950 1875 1001 1941 58.
1026 1874 1206 1940 Antoninus

156 1980 326 2046 Liberalis
342 1983 389 2049 33.
407 2014 452 2030 —-
496 1981 536 2046 V.
547 1986 599 2044 27.
620 1977 740 2047 Ulitius
756 2004 834 2046 corr.
844 1981 939 2067 foedo
953 1980 1003 2045 vel
1024 2002 1149 2055 scaevo,
1171 1992 1208 2043 ut

159 2085 263 2150 Ouid.¹
283 2071 304 2150 l.
323 2082 343 2150 l.
362 2107 389 2150 v.
409 2089 482 2150 319.
527 2083 570 2148 At
593 2108 715 2149 saeuum
740 2088 914 2152 rectissime
939 2085 1053 2148 dicitur
1074 2086 1207 2164 crimen,

158 2189 251 2274 quod
265 2194 330 2272 ipso
348 2190 417 2251 odio
439 2195 536 2251 maius
559 2205 639 2272 erat,
662 2204 702 2253 ut
716 2191 760 2252 ait
775 2189 873 2254 Ovid.
898 2187 975 2252 Met.
990 2189 1050 2268 X„
1073 2189 1146 2257 315.
1161 2219 1208 2239 -

155 2293 198 2358 V.
212 2295 268 2358 29.
290 2294 482 2377 animamque
501 2298 665 2368 virentem,
686 2292 850 2378 nymphae
869 2290 974 2352 virent
994 2304 1024 2353 et
1043 2306 1208 2356 senescunt

157 2417 237 2460 cnm
255 2394 441 2487 arboribus.
486 2393 639 2460 Manilius
663 2397 720 2478 V,
744 2401 820 2462 212.
858 2398 1033 2475 sanguinem
1060 2399 1207 2457 virentem

162 2498 287 2563 nemori
301 2514 333 2565 et
347 2497 456 2562 herbis
471 2499 590 2562 tribuit.

262 2678 294 2721 v.
307 2660 361 2722 30.
388 2642 483 2718 Sibila
496 2658 605 2719 Cadmi
617 2659 650 2720 in
665 2673 843 2744 serpentem
858 2654 1009 2725 conversi.
1026 2654 1123 2720 Ovid.
1131 2655 1210 2723 Met.

158 2759 234 2844 lv„
255 2758 347 2846 576]
371 2757 559 2827 Wernsd.
1227 2748 1229 2752 ⁵

266 2938 297 2983 v.
312 2919 365 2981 31.
405 2919 613 3001 stellatamque
628 2918 730 2980 oeulis.
774 2910 874 2976 Cuius
892 2914 1077 2975 universum
1097 2933 1211 2994 corpus

164 3019 269 3084 oculis
281 3020 419 3084 obsitum
438 3035 521 3097 erat,
546 3035 581 3082 ut
597 3019 722 3082 coelum
736 3016 853 3101 stellis]
868 3016 1000 3080 Barth.
1041 3013 1116 3085 Vid.
1132 3014 1212 3104 Vi?

163 3123 220 3206 gil.
232 3121 312 3189 Aen.
328 3124 401 3200 IV.‚
422 3127 513 3188 261.:
535 3126 672 3186 stellatus
694 3124 813 3203 iaspide
834 3125 918 3194 ensis,
961 3117 1119 3183 Ovidium
1133 3116 1211 3180 Met.

161 3227 205 3305 1.,
227 3221 323 3291 6643
348 3227 488 3290 stellatus
509 3261 553 3272 —
573 3228 691 3304 Argus,
735 3223 876 3287 Statium
900 3221 1003 3290 Theb.
1023 3221 1098 3306 Vh,
1125 3223 1214 3287 222:

163 3332 331 3394 inocciduis
344 3331 496 3392 stellatum
510 3333 619 3393 visibus
634 3326 728 3392 affert
742 3327 897 3393 Wernsd.

271 3507 302 3548 v.
321 3488 371 3549 33.
417 3489 554 3564 Tereus,
582 3506 637 3548 rex
658 3483 831 3562 Thraciae,
858 3496 1025 3566 postquam
1045 3477 1214 3543 Philome·
1293 3547 1302 3562 ‚

165 3586 250 3668 lam,
273 3587 413 3652 Procnes
429 3613 591 3666 sororem,
612 3610 668 3672 per
683 3570 749 3650 vim
766 3587 934 3672 stupravit,
963 3582 1168 3664 oblatumque
1185 3580 1216 3644 ei

165 3689 252 3775 Ityos
272 3687 332 3753 filii
355 3707 447 3774 caput
467 3696 549 3756 inter
573 3691 681 3776 epulas
702 3704 762 3777 est,
792 3693 826 3752 in
852 3710 996 3775 upupam
1017 3688 1214 3750 convertitur.

167 3793 266 3857 ovid.
281 3792 360 3857 Met.
375 3794 447 3875 Vh,
466 3799 540 3862 671.
582 3794 766 3879 Apollodor.
780 3793 852 3873 lll.‚
876 3788 952 3872 11,
965 3796 996 3858 8.
1038 3786 1216 3856 Philomela

105 3982 108 3987 Ι
170 3897 204 3959 in
220 3895 406 3975 lusciniam,
434 3899 557 3963 Procne
572 3899 605 3959 in
622 3897 828 3960 hirundinem
843 3912 1000 3977 mutatur,
1022 3894 1072 3958 vel
1093 3884 1233 3954 Procne‘

172 3993 1216 4080 inlusciniam,Philomelainhirundinem.Cfr.Meurs.deRegno
1260 4023 1262 4026 ⁴

110 4120 120 4157 f
175 4100 294 4167 Athen.
307 4104 366 4185 ll.,
382 4105 411 4170 5.
454 4104 600 4169 Heinsius
623 4104 759 4170 mavult:
791 4109 862 4170 rudi
881 4087 1041 4170 retollere
1059 4101 1093 4162 T.
1108 4101 1213 4180 pinna.
