2686 4928
586 372 931 450 -lttt-

236 578 387 646 Heinsius
408 576 574 640 annotavit
595 577 630 639 in
653 596 712 640 ora
733 575 838 641 tisri:
870 589 903 639 ut
929 581 989 640 erit
1011 571 1129 640 delecte
1150 582 1294 662 &amque
1335 626 1337 641 .

237 700 349 761 veram
372 681 559 764 scripturam
586 699 654 746 esse
681 702 868 766 persuasum
893 695 938 744 est
960 664 1294 747 wernsdorflisuir

237 784 488 855 reformidamus
515 785 625 848 delicio
653 784 803 863 verbum,
838 798 963 868 praeter
985 803 1085 866 quam
1109 772 1322 869 spuerunt

193 948 197 956 .
239 893 334 957 nium
361 886 511 971 nuspiam
537 902 733 974 usurpatum.
779 887 1025 951 Immutavimus
1043 876 1291 970 igion-itureae
1333 942 1337 961 ,

242 1009 315 1080 gata
333 993 485 1076 scriptura
507 991 586 1055 duas
602 990 771 1072 litterulas,
796 1005 831 1053 ut
844 991 1029 1054 videremur
1043 1005 1072 1054 et
1085 988 1291 1067 ΜΒΨΜ
1331 1050 1336 1087 Ι,

240 1103 292 1185 gia
302 1117 367 1160 non
381 1094 551 1178 reliquisse,
573 1109 604 1158 et
618 1097 861 1158 concinnitatem
874 1097 1104 1160 sententiarum
1113 1082 1292 1173 retrusa
1326 1116 1336 1167 i

241 1204 469 1284 dedimusque:
504 1199 628 1261 dilecta.
680 1195 793 1280 Quam
823 1199 1009 1264 induximus
1038 1188 1292 1286 ellipsin-'PM
1326 1168 1336 1269 l

241 1305 483 1384 emendatione,
506 1321 544 1364 ea
564 1300 747 1384 scrupulum
771 1301 910 1368 fortassis
932 1304 1061 1367 dederit.
1105 1290 1292 1381 Ndmsfl'lffl
1326 1274 1336 1349 l

240 1407 464 1496 pervulgatum
482 1417 528 1468 est
551 1404 668 1489 ellipsis
689 1425 787 1486 genus
808 1407 903 1485 illud,
930 1429 995 1490 quo
1015 1412 1051 1472 in
1072 1405 1293 1470 enunciatioiti

241 1512 390 1599 bipartita
412 1506 546 1573 verbum
569 1508 725 1571 omittitur
752 1510 785 1570 in
815 1511 945 1595 apodosi
977 1511 1039 1573 hac
1060 1500 1293 1603 rationem

240 1617 369 1703 perinde
383 1636 452 1676 suos
472 1614 596 1690 diliget,
620 1616 666 1672 uti
685 1634 739 1675 nos
760 1616 865 1699 illam,
892 1627 1001 1676 tamen
1022 1616 1123 1677 rarius
1135 1616 1176 1674 'ee
1198 1608 1292 1696 ΒΗ

241 1724 306 1786 rius
328 1731 388 1797 est,
420 1712 507 1799 quod
530 1715 563 1775 in
578 1717 704 1798 'protasi
727 1716 812 1780 deest
833 1715 978 1781 verbum.
1022 1710 1293 1791 Tarsensium

117 1894 120 1903 ,
241 1840 358 1909 genere
371 1818 499 1881 ridetur
512 1837 578 1880 esse
592 1815 774 1901 Propertius
791 1821 814 1883 Ι.
839 1822 876 1885 ei.
894 1824 923 1885 8.
940 1842 971 1882 ν.
985 1818 1056 1885 lta
1155 1832 1172 1885 ζ·
1191 1812 1291 1875 =··-nirt
1316 1814 1319 1819 '

370 1941 446 2002 Sunt
464 1941 558 2016 igitur
571 1938 695 2014 Musae,
717 1962 770 2001 nec·
785 1946 904 2002 amanti
917 1941 1025 2001 tardus
1039 1939 1183 2022 Apelle·
1211 1914 1290 1979 ’Μὶν

343 2116 374 2157 v.
392 2087 467 2155 305.
512 2092 609 2174 Operi
630 2091 662 2158 h.
684 2093 858 2156 nutritioni.
901 2090 987 2156 Cum
1010 2094 1160 2165 desinunt
1172 2020 1293 2189 nmina

239 2196 359 2275 foetae,
380 2207 413 2259 et
429 2193 498 2257 iam
512 2195 614 2260 nimia
630 2193 767 2260 lactandi
786 2196 939 2259 industria
955 2197 1132 2263 delassatae
1144 2196 1292 2289 desem

236 2299 384 2384 catulos]
406 2294 592 2364 Wernsd.
644 2303 754 2383 Operis
779 2322 853 2363 cum
875 2298 979 2363 Ulitio
1003 2276 1286 2409 lohnsonueitttplff

237 2402 388 2495 praefert.
432 2398 573 2465 Putabat
594 2405 681 2468 enim
703 2402 822 2466 Ulitius
842 2402 900 2468 ita:
931 2426 1002 2469 curn
1022 2402 1289 2488 operislr.'e.ve·

237 2508 377 2576 nationis
397 2502 554 2566 industria
570 2502 665 2588 fregit
685 2522 842 2582 matrem,
871 2505 920 2569 vel
942 2509 1123 2572 naturalem
1139 2506 1292 2603 affectpm'

236 2611 323 2675 eicit.
362 2603 429 2669 Nos
450 2617 560 2668 tamen
588 2628 663 2671 cum
688 2606 912 2673 Wernsdorfio
942 2611 1037 2695 plane
1066 2604 1294 2717 consentimup'p

236 2713 351 2776 etstan
373 2703 469 2773 catuli
490 2723 564 2772 sunt
586 2712 716 2791 neglecti
742 2735 763 2774 a
793 2726 902 2776 matre.
947 2713 1157 2782 Burmannus
1183 2716 1294 2825 laudm

236 2812 411 2897 Virgilium
426 2808 508 2879 Aen.
525 2812 586 2892 lt,
608 2812 774 2894 857.,'sed
793 2818 851 2881 iste
865 2815 951 2881 locus
965 2817 1096 2882 alienus.
1179 2808 1183 2817 ¹
1287 2830 1291 2840 '

339 2992 369 3033 v.
390 2967 465 3032 307.
493 2990 628 3046 mazam,
657 2969 795 3035 farinam
819 2971 961 3055 intellige
988 2995 1026 3037 ex
1053 2973 1175 3039 hordeo
1204 2972 1290 3060 prlffl'

236 3087 335 3152 tosto,
360 3070 475 3134 deinde
498 3072 653 3138 subtiliter
674 3074 773 3140 fracto
790 3091 820 3140 et
834 3076 948 3139 molito
965 3075 1034 3142 aliis
1055 3077 1150 3142 rebus
1171 3078 1292 3153 misti*
1308 3058 1334 3151 'l

234 3176 318 3240 vide
329 3160 513 3238 ¹Varronem
520 3173 562 3238 R:
569 3176 609 3239 R.
627 3177 684 3258 lt,
702 3183 732 3243 9.
779 3182 917 3243 Cererem
932 3181 1027 3264 igitur
1040 3207 1105 3245 cum
1118 3185 1202 3246 laete
1215 3181 1289 3257 dici
1320 3178 1334 3270 3⁴

232 3278 416 3346 Nemesion.
439 3273 518 3362 Cyn.
548 3294 578 3340 v.
610 3284 681 3344 161.
737 3283 911 3368 Hesychius
938 3286 1037 3368 μάζαν
1064 3286 1289 3372 interpretat!¹
1315 3272 1334 3347 ἰ’

231 3381 344 3469 dripere
361 3382 541 3464 πεφυρμένα
557 3379 646 3447 ὕδατι
665 3389 717 3449 καὶ
738 3386 838 3474 ἐλαίῳ,
861 3403 954 3472 atque
970 3408 1040 3451 esca
1056 3387 1114 3452 luit
1129 3389 1192 3454 ista
1207 3374 1302 3455 adt·¹
1327 3400 1334 3409 '

231 3486 353 3566 tacitis,
386 3500 421 3551 ut
445 3485 561 3549 usitata
582 3500 661 3550 esset
684 3488 897 3574 philosophis,
932 3504 1104 3554 annotante
1128 3482 1289 3559 salmati

231 3589 272 3652 ad
288 3588 387 3653 Solin.
401 3614 432 3674 p.
449 3592 523 3654 231.
568 3586 653 3654 Hinc
675 3592 715 3654 de
736 3592 843 3656 Stoica
864 3595 994 3655 iuventa
1014 3590 1140 3659 Persius
1156 3596 1205 3659 ait
1221 3592 1288 3663 81
1310 3662 1315 3688 2

229 3690 287 3758 111.
315 3712 344 3753 v.
368 3694 419 3756 65.
462 3695 578 3769 grandi
604 3708 698 3776 pasta
726 3698 861 3777 polenta.
913 3695 1000 3759 Nam
1023 3696 1110 3761 idem
1136 3697 1206 3761 sere
1229 3700 1288 3782 μ’

228 3817 288 3860 nos
313 3792 376 3857 cibi
396 3794 524 3875 polenta
546 3795 724 3876 dicebatur,
760 3818 843 3882 quae
862 3799 1025 3883 quomodo
1048 3814 1161 3882 parata
1179 3788 1288 3881 suerii

226 3897 350 3961 Plinius
372 3895 464 3959 docet
487 3895 527 3961 N.
552 3897 592 3961 H:
607 3898 711 3978 Vlll.,
739 3902 790 3965 17.
833 3898 975 3966 Facilem
999 3903 1096 3984 igitur
1118 3901 1215 3984 dicit,
1235 3898 1289 3979 vti

225 4000 302 4086 quia
321 3996 414 4063 facile
433 4014 568 4083 paratur
581 4005 660 4068 etin
675 4018 826 4089 promptu
842 4020 904 4087 est,
925 4006 976 4072 vel
992 4007 1069 4093 quia
1085 4004 1180 4072 facile
1194 3994 1289 4107 did!l

223 4103 355 4172 rebatur
374 4122 515 4191 corpore.
1150 4122 1153 4127 '
1252 4116 1288 4163 a*
