2686 4928
515 358 865 438 ...134-

268 587 298 631 ν.
312 564 518 634 ooo-606.
564 564 690 626 Consule
705 577 751 627 est
767 562 881 643 cogita,
903 558 996 639 vide,
1016 571 1125 623 tecum
1143 581 1222 646 per-

165 669 279 757 pende.
323 667 407 733 Vide
423 669 465 733 sis
481 689 600 752 equum
613 666 835 731 Thessalicum
851 679 905 727 aut
919 662 1093 746 Argivum,
1117 684 1221 746 quam

163 774 292 842 fortiset
299 791 371 839 acer
380 769 440 836 est!
454 786 603 837 ettamen
617 771 725 835 minus
734 767 1022 853 aptusvenationi.]
1031 765 1218 830 Wernsd·

165 878 300 957 consule,
331 886 367 937 ut
382 893 497 941 nooem
517 888 696 960 suspectam
717 871 924 935 Burmannus
945 873 1076 934 notavit.
1119 873 1218 933 Peneo

162 994 289 1068 praeter
302 978 520 1044 necessitatem
533 977 676 1044 malebat
689 975 850 1041 Heinsius.
894 974 947 1039 De
963 996 1048 1058 equo
1065 973 1216 1039 Thessalo

164 1083 221 1150 csr.
236 1081 279 1147 ad
295 1105 324 1146 v.
338 1083 413 1148 228.
436 1114 480 1131 -
496 1079 693 1166 perfunditur
707 1079 727 1144 i.
743 1100 771 1144 e.
788 1078 913 1144 lavatur
925 1077 975 1142 vel
995 1081 1070 1141 bibit
1089 1100 1213 1151 amnem,

164 1185 302 1270 utVirg.
317 1180 434 1268 Georg.
449 1184 508 1250 111.
524 1206 554 1252 v.
572 1183 647 1251 tte.
663 1181 718 1249 clr.
735 1183 812 1247 ibid.
827 1205 857 1248 r.
872 1183 924 1247 77.

268 1361 300 1407 v.
322 1340 397 1406 602.
440 1341 647 1423 'Conspersere
683 1337 807 1403 He'insii
838 1339 1053 1402 coniecturam
1089 1357 1213 1421 prorsus

162 1441 396 1531 improbamus.
436 1439 883 1508 AudiendusWernsdorfius:
907 1462 1123 1525 „conspexere
1143 1461 1216 1526 prae

163 1548 274 1616 ceteris
301 1541 508 1630 spectabilem
538 1562 569 1612 et
594 1545 825 1609 admirandum
855 1546 973 1611 videre.
1024 1542 1217 1607 Monstravit

162 1651 259 1718 huius
275 1670 372 1714 usum
396 1648 485 1712 verbi
506 1645 649 1715 Gronov.
673 1648 715 1711 ad
736 1646 808 1711 Liv.
831 1649 907 1727 1V.,
933 1652 1052 1727 15.‚8.
1108 1650 1217 1712 Glauci

160 1754 307 1824 maximo
324 1751 505 1838 probantur.
549 1754 640 1836 Virg.
662 1747 704 1816 G.
718 1750 795 1832 111„
817 1752 893 1818 81.“

264 1931 295 1974 v.
310 1907 384 1974 608.
422 1907 540 1990 Nempe
554 1907 687 1992 perinde
703 1928 740 1972 ac
753 1910 868 1971 scilicet
882 1907 1015 1969 intendit
1030 1926 1216 1973 sermonem

159 2012 204 2082 ad
228 2011 418 2096 gravitatem
441 2008 594 2093 aliquam.
638 2009 714 2073 Vid.
737 2009 827 2075 Voss.
846 2011 886 2074 ad
908 2009 996 2092 Virg.
1015 2004 1136 2095 Georg.
1158 2012 1216 2078 lll.

157 2138 190 2188 v.
205 2114 280 2180 259.
322 2112 432 2178 Burm.
454 2111 496 2174 ad
517 2108 798 2188 Vat.Ftacc.V1.‚
818 2117 892 2178 282.
914 2147 959 2161 -
981 2117 1084 2177 ardua
1099 2113 1214 2201 fundet

115 2288 118 2293 ,
159 2224 192 2282 in
212 2238 316 2280 ouras.
353 2214 439 2280 Inter
467 2214 681 2278 incedendum
711 2236 805 2280 crura
832 2216 949 2280 attollet
980 2232 1009 2280 et
1033 2215 1207 2300 explicabit.

158 2320 249 2407 Virg.
264 2315 381 2404 Georg.
396 2316 471 2397 HL,
492 2315 559 2400 75.]
580 2315 724 2382 Titius.
748 2355 792 2370 —
814 2327 916 2402 ingens
931 2321 994 2384 vid.
1010 2343 1038 2383 v.
1048 2322 1100 2386 08.

262 2497 293 2541 v.
309 2471 383 2538 504.
427 2471 510 2556 Quis
529 2473 631 2552 magis
650 2473 686 2536 in
701 2477 857 2541 curriculo
871 2477 1045 2564 Olympico
1063 2474 1211 2540 laudatus

159 2578 242 2666 esti]
264 2575 454 2641 Wernsd.
981 2583 985 2592 '

263 2731 294 2778 v.
315 2708 391 2776 606.
434 2703 613 2773 Infinitivos
641 2702 843 2778 Graecorum
868 2736 977 2791 more3
1011 2715 1107 2798 quasi
1135 2729 1213 2781 esset

157 2813 298 2880 dictum:
319 2835 409 2897 quem
424 2833 499 2898 quae
512 2813 658 2877 lacessere
674 2824 781 2898 possit.
828 2816 984 2886 Similiter
1001 2815 1045 2895 uic
1065 2817 1119 2884 vel
1137 2816 1212 2895 ὥςπε

155 2931 232 2989 ante
243 2915 439 2982 infinitivum
453 2918 604 2979 omittunt
618 2912 747 2985 Graeci.

259 3073 290 3118 v.
306 3050 380 3119 607.
423 3050 571 3114 Miratur.
614 3047 724 3117 Lusus
744 3070 810 3120 erat
823 3054 957 3131 calami,
978 3050 1064 3134 quod
1079 3057 1207 3118 submit-

153 3168 205 3222 tat
224 3153 377 3221 Heinsius
401 3150 597 3216 coniiciebat.
640 3152 751 3221 Potius
775 3156 941 3221 videbatur
963 3154 1156 3221 Burmanno
1176 3170 1202 3220 et

153 3253 381 3323 Wernsdorfio
400 3259 537 3318 miretur.
583 3256 704 3323 Neuter
723 3261 911 3325 sententiam
936 3261 1112 3342 assequitur
1135 3261 1204 3347 pla-

150 3361 334 3429 nissimam.
366 3363 453 3422 saeui
473 3371 545 3422 sunt
568 3361 655 3424 enim
676 3361 778 3428 Marti
800 3362 978 3428 assuefacti.
1024 3364 1142 3446 ltaque
1164 3365 1205 3428 sic

150 3461 284 3530 habeto:
308 3483 363 3526 nee
373 3466 468 3542 Syene
480 3464 571 3527 labet
587 3486 675 3547 equos
688 3468 732 3526 ad
744 3473 934 3529 venationem
950 3466 1048 3529 utiles.
1072 3473 1204 3530 miratur

150 3579 229 3632 utv.
243 3568 335 3631 602.;
356 3587 543 3650 conspectore.
588 3564 678 3650 Quid
695 3568 791 3650 igitur
806 3573 924 3650 Syene?
966 3569 1093 3654 Nempe
1116 3569 1204 3655 quod

148 3680 275 3733 terreno
291 3681 337 3731 est
358 3672 379 3735 i.
394 3691 421 3736 e.
443 3677 622 3751 campestris
638 3669 805 3753 cursuique
826 3673 969 3737 venatico
991 3673 1116 3757 alioqui
1139 3695 1201 3739 non

146 3768 365 3840 incommoda.
407 3775 555 3836 Butram
568 3771 641 3856 legit
657 3771 777 3837 Ulitius
785 3776 820 3838 in
835 3773 962 3855 Addit,
976 3777 1064 3861 quod
1079 3775 1200 3862 placuit

145 3874 303 3941 Bocharto
326 3873 367 3937 de
385 3871 526 3938 Animal.
547 3876 600 3940 lib.
623 3876 663 3940 ΙΙ.
685 3897 710 3938 c.
735 3881 765 3941 9.
810 3874 875 3941 Sed
896 3893 1021 3944 terrena
1042 3880 1122 3963 quid
1143 3901 1198 3944 va-

144 3976 224 4057 leat,
259 4000 333 4042 cum
360 3978 586 4043 sententiarum
614 3978 815 4045 cohaerentia
843 3981 950 4063 docet,
985 4000 1057 4050 turn
1085 3981 1196 4047 Livius

141 4081 310 4162 xxxin„
348 4085 396 4146 17.
434 4081 473 4147 de
502 4078 688 4151 Leucadia:
721 4098 750 4147 et
777 4108 903 4169 campus
930 4101 1069 4153 terrenus
1095 4091 1193 4151 omnis
