2686 4928
1030 368 1115 429 ml

72 553 117 628 stis
130 550 223 645 aliis,
249 542 518 628 Wanrdorfius
531 541 633 639 vidit,
657 543 737 638 sod,
760 544 860 648 quod
865 543 1112 623 Nemesianum

29 756 32 765 .
69 689 128 761 vult
140 704 330 758 auctorem
341 678 569 772 indemnem,
592 676 758 773 quoniam
770 700 903 779 praeter
914 678 981 754 stili
994 706 1112 776 quan-

69 818 140 890 dam
157 811 426 890 similitudinem
439 832 475 886 et
487 810 593 885 verba
611 807 743 912 aliquot
758 809 954 886 Nemesiani
968 811 1110 914 propria

71 949 154 1023 nulla
169 948 239 1023 alia
259 964 467 1047 argumenta
481 940 607 1036 attulit,
631 939 761 1016 nemini
773 963 887 1044 potest
901 944 1109 1045 persuadere

66 1107 157 1154 suam
188 1077 410 1181 opinionem.
469 1040 639 1167 Deiniteps
668 1095 719 1148 est
752 1076 1107 1172 commemorandum,

64 1213 159 1307 quod
175 1212 259 1286 inde
282 1210 327 1282 ab
351 1205 472 1283 codice
492 1200 716 1307 interpolato,
741 1235 846 1304 quem
864 1228 997 1286 vetusta
1016 1207 1107 1282 Par-

65 1342 194 1418 mensis
216 1341 313 1417 editio
337 1333 522 1441 expressit,
549 1335 586 1410 in
604 1361 782 1433 sequentes
803 1339 910 1416 libros
927 1339 1019 1445 typis
1041 1366 1105 1416 ex-

70 1503 180 1550 cussos
203 1497 385 1600 tamquam
411 1470 620 1547 inveteratus
648 1472 743 1547 error
769 1471 906 1565 invasit,
941 1495 1106 1568 quattuor

61 1609 214 1707 eclogas,
240 1633 332 1708 quae
345 1624 427 1706 post
443 1600 625 1720 Calpnrnii
636 1603 795 1679 bucolica
811 1600 991 1706 leguntur,
1014 1605 1103 1681 scri-

54 1738 164 1836 psisse
185 1736 477 1817 Nemesianum.
497 1734 595 1824 Quin
614 1736 716 1811 etiam
735 1735 771 1808 in
791 1737 909 1810 codice
925 1736 1105 1839 Calpurnii

54 1856 236 1945 Gothano
257 1890 341 1967 post
360 1883 484 1968 septem
500 1867 632 1964 priores
650 1868 785 1966 eclogas
806 1868 969 1981 leguntur
983 1863 1103 1942 verba:

58 2007 217 2094 „Haec
231 2007 331 2088 sunt,
355 2029 447 2098 quae
459 2004 506 2073 de
516 2002 753 2095 canarno
737 2002 1013 2074 ιιιυιίιιίιιιίιίἰ.ιι
1042 1999 1102 2078 ld

50 2160 169 2237 quam
185 2152 274 2205 esset
283 2131 453 2226 falsum,
442 2115 513 2204 tarn
519 2130 645 2206 Ulitius
659 2131 765 2206 vidit
756 2133 853 2208 mitio
867 2122 1102 2209 commentarii

51 2267 98 2339 ad
114 2263 219 2338 Nem
235 2290 308 2367 eyn.
329 2285 362 2338 et
380 2263 592 2365 praefatione
606 2262 651 2337 ad
668 2263 848 2362 Calpurnii
863 2267 998 2362 eclogas
1006 2280 1025 2357 ,²
1039 2295 1100 2338 as-

57 2397 325 2490 sentientunque
345 2395 478 2469 habuit-
492 2393 635 2468 Petrum
658 2395 901 2469 Burmannum
926 2398 1032 2496 praefi
1055 2397 1100 2473 ad

59 2527 233 2601 PoetLat
248 2527 336 2603 Min.
386 2525 468 2601 Illas
481 2552 556 2601 esse
569 2527 746 2621 Calpurnii
760 2556 880 2602 omnes
899 2556 972 2602 non
988 2549 1101 2623 potest

15 2688 21 2697 ·
53 2660 280 2734 demonstrari
308 2659 543 2766 luculentius,·
575 2684 682 2754 quam
708 2661 751 2732 ab
775 2660 1019 2738 Wemsdorfio
1048 2685 1099 2739 est

51 2791 606 2888 fanumTonlI.p.1s‘-as.
643 2854 670 2859 ‚,
869 2850 872 2857 ,

60 3101 68 3108 -
149 3059 297 3170 Carmen
322 3012 372 3132 de¹
388 3057 551 3131 laudibus
573 3055 752 3149 Herculis,
787 3056 887 3158 quod
910 3064 990 3158 post
1009 3083 1095 3137 ¹cat·-

50 3189 144 3262 mina
153 3188 344 3290 'Claudiani
355 3192 462 3289 vulgo
474 3190 511 3264 in
525 3188 730 3266 editionibus
745 3188 886 3289 legitur,
912 3191 1096 3267 Nemesia-

58 3348 153 3417 nnm,
190 3322 264 3395 iam
288 3321 456 3421 grandem
485 3343 593 3398 aetate
601 3356 616 3416 ‚·
649 3321 888 3422 composuisse
915 3323 1099 3415 arbitratur.

55 3452 315 3529 Wemsdorfius
340 3452 448 3527 trihus
466 3454 684 3554 ⁴argonautis
709 3453 903 3527 adductus.··
936 3453 1097 3551 Αιυριίει

48 3611 147 3660 mum
168 3586 560 3681 quidemaoonfisuseit
581 3585 800 3661 annotatione
820 3583 1098 3674 Lactantii·‘Pla·a

48 3717 113 3791 eidi
144 3719 192 3792 ad
217 3717 316 3795 statii
342 3719 455 3793 'thet
477 3718 541 3810 Il,
574 3728 650 3809 68„
674 3717 757 3813 ¹qui:
780 3731 936 3812 poetae,
953 3715 1099 3812 iuqm'ty

47 3851 207 3947 denz'que
229 3877 357 3924 omnes
376 3858 553 3923 assertant·
580 3855 723 3922 leonem
744 3851 804 3920 *de*
819 3852 996 3951 hispalis
1023 3866 1095 3922 or-÷

45 3991 144 4073 tam,
169 4010 286 4081 quem
295 3985 494 4071 Hercules¹
498 3984 712 4080 prostravit
719 4032 731 4068 ,
757 3995 800 4054 ut
815 3984 1094 4079 etiam-Olym}
