2686 4928
590 359 1029 434 ....20‚„‚.„v

181 585 252 648 810
280 564 356 649 Nec
371 563 514 639 mirum:
537 561 712 641 humanos
726 585 865 639 nonest
879 560 990 664 magis
1008 561 1113 638 altera
1128 591 1261 642 seusus.

280 695 390 775 Tollit
406 723 443 770 se
456 694 541 768 ratio
557 715 589 770 et
604 692 691 772 vitiis
706 696 912 771 adeuntibus
928 695 1050 770 obstat.

277 832 376 907 Haec
388 828 445 902 illa
460 847 527 921 est,
550 826 697 902 Pharios
717 855 807 929 quae
820 828 921 928 fregit
935 825 1152 927 noxia'reges
1161 883 1173 922 ,

277 965 377 1037 Dum
390 980 521 1035 servata
533 957 623 1033 cavis
638 980 761 1060 potant
772 958 962 1035 Mareotica
979 958 1142 1058 gemmis,

274 1069 569 1194 Nardiserumque
587 1111 721 1165 metum
735 1090 895 1191 Gangem
912 1089 1071 1193 vitiisque
1084 1091 1284 1166 ministrant.

181 1244 250 1309 315
278 1228 336 1301 Sic
347 1246 382 1301 et
393 1221 629 1298 Achaemenio
646 1222 814 1317 cecidisti,
832 1222 962 1327 Lydia,
987 1223 1091 1326 Cyro.

277 1356 387 1460 Atqui
405 1355 498 1431 dives
513 1381 606 1450 eras,
625 1354 821 1430 fluvialibus
836 1382 940 1430 aurea
955 1354 1060 1431 venis.

229 1514 232 1517 ’
277 1482 431 1581 Scilicet,
455 1487 502 1562 ad
515 1496 689 1561 summam
702 1487 850 1589 nequid
873 1508 1011 1564 restaret
1031 1486 1256 1583 habendum,

275 1624 337 1699 Tu
351 1647 495 1724 quoque
511 1598 665 1693 luxuriae
680 1620 775 1694 fictas
789 1619 876 1693 dum
889 1618 1021 1720 colligis
1042 1640 1149 1715 artes,

176 1802 183 1811 ,
273 1756 316 1829 Et
329 1750 481 1857 sequeris
501 1751 643 1825 demens
656 1749 820 1846 alienam,
846 1751 1009 1846 Graecia,
1032 1753 1194 1851 eulpam,

177 1909 249 1971 320
277 1890 310 1963 Ο
325 1905 495 1989 quantum
510 1902 543 1956 et
560 1882 696 1983 quoties
711 1884 843 1959 decoris
859 1887 1019 1959 frustrata
1033 1884 1183 1985 paterni!

271 2023 322 2095 At
340 2015 451 2118 qualis
467 2014 610 2108 nostris,
632 2042 740 2116 quam
755 2016 902 2117 simplex
916 2046 1035 2093 mensa
1050 2017 1222 2091 Camillis!
1272 2061 1276 2066 -

272 2149 344 2240 Qui
355 2147 415 2221 tibi
432 2148 545 2220 cultus
560 2166 631 2220 erat
644 2127 724 2246 post
735 2168 803 2241 tot,
826 2151 993 2243 Serrano,
1019 2147 1247 2247 triumphos?

269 2283 361 2382 Ergo
380 2279 427 2352 illi
443 2307 482 2351 ex
497 2278 618 2350 habitu
632 2279 835 2381 virtutisque
846 2283 964 2356 indole
977 2280 1108 2382 priscae

265 2415 469 2514 Imposuere
490 2409 564 2482 orbi
586 2411 735 2485 Romam
750 2402 870 2513 caput:
894 2437 1038 2515 actaque
1051 2412 1094 2482 ab
1107 2407 1172 2483 illis

168 2562 240 2633 325
267 2546 326 2620 Ad
347 2544 483 2618 coelum
499 2540 606 2616 virtus
623 2516 852 2647 summosque
862 2543 1004 2619 tetendit
1018 2544 1178 2618 honores.

261 2675 398 2755 Scilicet
412 2672 542 2773 exiguis
554 2699 680 2774 magna
692 2677 759 2749 sub
773 2675 920 2776 imagine
935 2677 1038 2750 rebus

262 2806 471 2909 Prospicies,
498 2833 587 2908 quae
608 2807 651 2883 sit
665 2808 768 2906 ratio,
787 2831 821 2884 et
834 2837 908 2912 quo
919 2811 991 2884 fine
1003 2787 1163 2908 regenda.

257 2922 385 3031 Iccir'co
408 2939 593 3041 irnperium
607 2941 726 3020 catulis
741 2969 905 3046 unusque
921 2940 1082 3044 magister
1112 2926 1115 2932 λ

257 3156 458 3195 Ι*

296 3295 317 3329 v.
339 3276 399 3332 sto.
425 3293 483 3326 non
504 3282 530 3325 et
550 3277 642 3344 magis
660 3279 755 3332 altera
774 3291 875 3334 sensus
889 3276 990 3340 Tollit,
1014 3289 1063 3328 nee
1076 3269 1152 3325 ratio
1168 3274 1218 3322 cet.
1236 3264 1301 3333 Ul.;

357 3377 456 3412 census
473 3356 563 3412 lleins.
581 3376 605 3414 c.

290 3466 314 3497 ν.
326 3445 388 3501 311.
411 3445 491 3496 uitiis
504 3445 671 3498 abeuntibus
690 3445 780 3504 Barllr.
797 3466 836 3511 c.·,
860 3447 956 3499 Tollo!
967 3463 999 3499 se
1013 3442 1102 3501 ratio,
1117 3447 1143 3490 ⁰2
1157 3437 1233 3491 villis
1246 3437 1299 3489 ad·

357 3531 487 3580 euntibus
508 3532 596 3581 obstet
617 3528 685 3581 idern
706 3529 739 3583 ad
759 3531 853 3585 Claud.
875 3530 907 3582 do
928 3528 998 3582 laud.
1017 3524 1077 3578 Slil·
1099 3525 1152 3585 lll,
1176 3526 1237 3578 16⁰·
1262 3546 1297 3560 ··

351 3615 637 3666 subeuntibusssurm.
651 3642 687 3654 -
709 3617 803 3669 obstat
815 3615 908 3668 Johus.

286 3716 309 3749 v.
324 3696 384 3752 315.
401 3701 591 3751 Achaemenio
605 3697 672 3752 Ulit.

287 3799 309 3834 v.
323 3781 384 3837 316.
401 3782 491 3850 Atqui
502 3781 551 3834 Gr.
566 3783 596 3834 B.
612 3781 676 3847 Ul.;
689 3785 781 3852 Atque
792 3784 841 3852 P.;
863 3784 902 3837 At
915 3800 1002 3854 quam
1016 3781 1050 3835 G.

286 3885 308 3918 v.
323 3869 383 3924 818.
396 3869 483 3918 viulas
495 3870 564 3917 dum
578 3865 613 3918 G.
628 3865 660 3920 Β.

192 3998 195 4005 .
285 3974 307 4005 v.
322 3954 383 4009 322.
402 3951 463 4023 Qui
472 3953 523 4003 u'bi
532 3954 619 4003 uictus
634 3951 724 4004 lleirrs.
738 3969 761 4004 c.

283 4055 307 4089 v.
321 4037 381 4095 824.
397 4045 516 4104 ortaque
529 4036 635 4087 abillis
648 4035 701 4100 G.;
723 4039 839 4105 altaque
853 4037 892 4091 rel
905 4050 1043 4108 auctaque
1055 4031 1146 4086 Heius.
1160 4046 1185 4083 c.
1201 4042 1209 4055 ¹·

280 4138 304 4174 v.
319 4123 379 4179 325.
396 4136 507 4173 summo
521 4135 553 4171 sc
564 4123 690 4172 extendet
701 4121 810 4174 honore
822 4122 938 4194 Scaliger
951 4123 979 4180 in
991 4140 1030 4175 or.
1042 4117 1102 4173 cod.
