2686 4928
510 414 596 427 .-
645 371 838 452 922-

144 568 430 652 munet-trem.
473 575 620 641 Similior-
635 575 746 645 Cicero
759 601 805 665 pr.
821 580 911 646 dom.
922 580 1046 645 mafla-
1058 566 1122 648 illo
1134 575 1200 663 cm,

145 680 286 751 lautas,
307 682 419 743 unito
433 689 488 745 «est
511 685 729 765 appellando,
748 684 881 749 -escusstt
900 687 955 747 hoo
980 690 1076 765 genus
1094 702 1193 752 totino

145 785 335 865 maledidi·
365 820 370 833 ·
478 811 480 815 ’

249 904 278 980 i.
301 909 375 983 171.
418 914 508 982 Niliil
531 928 629 1004 potest
652 914 776 1004 planius
796 941 860 985 esse
882 918 1009 1004 vulgata
1027 900 1197 1004 scriptura,

145 1014 237 1088 otiis
255 1022 333 1084 ordo
354 1015 482 1099 hicesl:
512 1025 638 1107 Umber,
664 1019 855 1106 quos'lzoslos
876 1029 1011 1108 reperit,
1029 1021 1200 1086 idern'ltliss·

145 1117 378 1211 diisos'sugit3
412 1145 471 1189 nec
491 1128 632 1191 inutilius
655 1124 825 1211 quioqu‘am
849 1125 973 1191 Barthii
1000 1126 1194 1190 correctione

145 1237 204 1316 qui.
247 1228 398 1311 Namque
416 1233 495 1291 idem
510 1231 699 1314 pronomine
713 1229 947 1294 enuntiationes
966 1251 1061 1314 saepe
1082 1229 1198 1292 diver-'

144 1351 198 1400 sae
221 1352 297 1401 cum
311 1332 427 1397 eodem
447 1330 838 1411 subiectooonsociantur,
859 1349 896 1398 ut
914 1334 999 1419 apud
1017 1328 1084 1396 Cic.
1103 1332 1194 1397 Brut.

145 1460 193 1522 cpi
210 1440 265 1500 79.
285 1433 381 1499 Ovid.
396 1433 479 1504 Fast.
494 1436 568 1515 lV.,
588 1442 656 1501 101.
678 1436 764 1518 Virg.
776 1433 856 1499 Aen.
871 1438 948 1515 111,
966 1435 1037 1503 158.
1059 1435 1193 1521 Quam·

145 1560 241 1625 quam
264 1538 340 1624 quid
365 1540 411 1603 rei
431 1538 572 1603 tantillae
593 1539 807 1623 circumspicis
827 1539 997 1624 exempla?
1040 1537 1194 1624 Namque

145 1645 279 1708 omnino
291 1643 352 1707 hoc
364 1642 430 1707 vult
443 1658 553 1728 poeta:
573 1646 797 1706 Praestabilior
811 1659 854 1707 est
871 1643 981 1707 Umber
994 1647 1079 1706 uaris
1093 1666 1194 1723 saga-

145 1753 271 1822 citate,=
282 1769 374 1842 quaro
381 1746 585 1832 fortitudine,
607 1769 679 1809 num
695 1769 768 1831 quos
785 1750 946 1828 indagavit
958 1750 960 1824 ]
970 1749 1114 1830 (reperit)
1132 1771 1193 1831 per

124 1854 311 1915 'sollertiam
333 1857 432 1925 nuris,
460 1855 540 1914 idem
556 1850 638 1937 jugit
659 1852 857 1935 simulatque
877 1854 1021 1916 adversos
1042 1852 1063 1915 i.
1081 1870 1110 1915 e.
1135 1875 1195 1916 oo-

145 1978 214 2018 ram
234 1958 323 2018 habet
344 1960 451 2021 hostes.

248 2137 277 2174 v.
293 2109 364 2176 174.
408 2109 525 2174 Morini
547 2107 683 2170 extremi
704 2101 849 2185 Galliae,
879 2107 963 2169 unde
985 2106 1191 2176 brevissimus

142 2218 176 2279 in
191 2198 391 2281 Britanniam
406 2212 569 2290 traiectus,
596 2212 636 2275 de
650 2209 764 2296 quibus
774 2206 933 2276 CaesarB.
947 2204 1032 2273 Gall.
1047 2210 1121 2294 1V.,
1133 2215 1186 2278 21.

143 2323 249 2384 dubius
261 2331 370 2401 pontus
386 2314 539 2379 instabilis
556 2330 585 2378 et
600 2329 753 2400 perpetuo
766 2328 927 2394 aestuans,
949 2327 982 2376 ut
1003 2317 1097 2377 dublo
1109 2318 1183 2391 Srr-

60 2417 63 2424 ’
142 2431 183 2488 tis
198 2423 320 2487 Lucan.
335 2419 379 2505 l.‚
400 2424 475 2486 686.
492 2417 580 2502 fruta
593 2422 709 2481 veneris
727 2438 786 2501 pro
801 2420 844 2480 ad
860 2415 957 2501 freta.
983 2417 1059 2482 Vid.
1074 2417 1188 2502 Virgil.

140 2525 210 2590 Ecl.
232 2525 276 2604 l.,
299 2525 351 2586 66.
379 2520 459 2585 Aen.
482 2522 525 2597 l.,
550 2523 597 2603 2.]
621 2518 808 2583 Wernsd.
852 2518 1012 2585 Addimus
1037 2520 1119 2587 llen.
1138 2521 1189 2602 11,

50 2696 53 2701 ,
141 2629 216 2692 748.
260 2622 477 2689 Conferendus
493 2635 537 2685 est
550 2617 661 2685 Cicero
677 2620 737 2707 Ep,
751 2622 796 2686 ad
805 2619 870 2686 An.
887 2623 976 2702 Vll,
999 2629 1028 2688 3.
1072 2627 1188 2690 Dubius

21 2731 27 2742 '
142 2757 173 2813 p.
195 2750 261 2794 non
284 2743 329 2792 est
348 2727 427 2792 alius
449 2747 498 2790 ac·
503 2727 703 2809 periculosus,
736 2747 937 2810 quamquam
962 2725 1053 2790 aliter
1083 2730 1189 2802 visum

142 2831 383 2912 Wemsdorfio,
413 2831 469 2915 qui
488 2829 669 2896 instabilem
688 2842 719 2895 et
737 2834 888 2918 perpetuo
910 2843 1106 2899 aestuantem
1133 2835 1190 2898 iu-

139 2936 267 3004 tellexit.
667 2949 669 2952 ’

246 3099 275 3139 v.
299 3075 372 3136 176.
416 3066 450 3131 Ο
474 3079 626 3151 quantam
651 3063 850 3145 mercedem,
881 3075 1043 3150 quantum*
1057 3069 1189 3135 emolu-

142 3193 289 3249 mentum
309 3190 422 3258 capere
444 3191 462 3235 e
483 3189 561 3232 cane
581 3168 784 3247 Britannico,
812 3191 909 3255 supra
931 3170 1098 3254 impendia
1118 3176 1188 3239 eius

141 3276 320 3352 advehendi
344 3290 375 3339 et
396 3273 517 3351 alendi,
546 3272 648 3358 potes!
689 3270 775 3351 Etsi,
803 3274 889 3358 quod
918 3273 960 3338 ad
987 3276 1127 3358 speciem
1155 3293 1191 3349 et

142 3392 307 3461 decorem,
328 3379 385 3465 qui
398 3375 526 3442 mentiri
539 3391 569 3440 et
581 3375 690 3439 fallere
704 3390 819 3460 potest,
840 3378 967 3455 attinet,
989 3399 1055 3442 non
1069 3378 1188 3446 videris

140 3493 281 3582 protinus
300 3481 457 3569 impendii
479 3498 636 3562 curaeque
653 3492 726 3544 tuae
746 3479 884 3563 pretium
900 3481 1070 3564 accepisse3
1092 3482 1187 3563 (nam

141 3599 202 3662 hoc
220 3614 319 3658 unum
343 3603 402 3667 est,
437 3583 524 3671 quod
540 3583 645 3646 deesse
665 3584 703 3647 iis
724 3583 831 3646 catulis
851 3583 999 3664 videtur,)
1044 3582 1087 3648 At
1108 3609 1186 3651 ma-

140 3721 239 3786 gnum
252 3710 310 3760 cet,
324 3716 463 3771 magnum
478 3712 567 3771 opus,
589 3707 638 3748 res
653 3685 800 3765 difficilis,
818 3709 922 3770 pugna
936 3689 1065 3771 periculi
1078 3689 1186 3773 plena,

140 3819 175 3868 ut
187 3821 281 3887 supra
294 3823 323 3860 v.
338 3801 392 3860 61.
434 3790 550 3856 Contra
566 3794 629 3853 love
644 3814 717 3872 opus
736 3814 765 3852 v.
783 3792 853 3856 199.
869 3793 1070 3855 venationem
1093 3790 1186 3875 lepo-

48 3925 52 3931 ’
140 3907 189 3986 ris
205 3903 320 3987 vocat]
344 3895 529 3960 Wernsd.
574 3894 763 3957 Rectissime
784 3915 877 3956 versu
898 3900 969 3960 179.
991 3910 1024 3957 at
1047 3900 1185 3979 reposuit

141 4010 290 4074 Barthius
318 3999 555 4070 adversantibus
591 3997 718 4060 vetustis
754 3997 988 4081 exemplaribus
1023 4000 1183 4077 omnibus.

144 4113 317 4195 Vulgatam
341 4123 447 4172 tamen
470 4121 593 4166 servare
618 4122 651 4162 se
670 4101 716 4163 ait
737 4099 855 4166 Ulitius
875 4117 1080 4188 mentemque
1101 4105 1184 4170 hauc
