2686 4928
410 360 829 438 .-·-9⁰-·

148 585 225 633 nenr
244 561 405 642 indicare,
431 580 497 646 qua
516 559 573 625 fiat
586 557 718 646 aliquid.
736 614 739 619 .
759 558 938 628 Neminem
957 556 1085 644 fugiunt
1099 553 1192 620 loeu-

145 672 251 737 tiones
270 690 308 735 ac
327 669 449 748 ordine,
476 688 514 730 eu
534 687 641 749 usquo,
668 663 797 731 similes.
810 718 828 732 .,
847 664 1015 730 Interdum
1035 660 1091 725 illa
1109 660 1191 725 ratio

146 773 279 840 interior
292 794 331 838 ac
342 769 535 836 reconditior
548 781 603 846 est,
627 782 675 834 ut:
697 793 734 835 en
746 791 785 835 oo
796 782 889 850 parte
901 781 946 831 est
957 769 1117 846 indagatio
1124 761 1191 830 Cic.

146 874 203 942 oli.
217 874 260 957 1.,
281 873 329 956 6.,
355 876 557 941 laborasses
582 873 687 938 dolore
708 871 837 942 Terent.
858 867 960 938 Andr.
983 872 1025 953 1.,
1049 868 1098 952 6.,
1129 869 1211 951 36.,Ι

144 979 232 1047 alibi.
998 1031 1001 1043 .

246 1131 279 1183 ν..
297 1109 368 1180 166.
411 1109 519 1176 Medus
535 1108 622 1174 canis
637 1107 757 1174 nullius
768 1106 844 1174 artis
857 1125 957 1192 capax
972 1104 1105 1187 este-sed
1120 1105 1207 1171 bel·-

146 1215 260 1282 licosus
274 1228 306 1280 et
319 1213 466 1298 pervicax
480 1212 514 1275 in
530 1211 642 1277 hostes.
683 1208 778 1278 Tales
792 1211 889 1276 etiam
905 1205 1016 1272 Celtici
1034 1207 1086 1273 vel
1105 1204 1192 1275 Gal-

145 1312 215 1398 1161,
242 1335 440 1402 quamquam
468 1318 583 1379 diversi
610 1312 706 1378 orbis.
748 1316 869 1394 Magno
894 1315 997 1393 glorio
1025 1310 1208 1380 bellicosas»

145 1421 306 1504 designat,
328 1438 406 1482 narn
421 1431 467 1482 est
479 1418 640 1482 victoriae.
656 1417 697 1483 V.
712 1439 742 1482 v.
755 1417 846 1500 228]
867 1414 1053 1481 Wernsd.
1095 1413 1193 1479 Pari-

143 1538 192 1587 ter
213 1525 327 1585 diuersi
347 1522 472 1586 Aesaris
494 1521 590 1587 Ouid.
612 1518 691 1586 Met.
712 1519 786 1585 XV.
806 1543 837 1585 v.
852 1523 905 1584 23.
925 1510 1096 1584 et'diverso
1119 1522 1205 1584 orbe.

109 1707 112 1711 Ι
145 1623 228 1690 ibid.¹
239 1623 280 1690 ll.
297 1649 326 1689 v.
341 1628 414 1690 323.
433 1624 473 1688 de
487 1638 570 1689 terra
584 1622 677 1705 longe
691 1635 722 1687 et
737 1624 895 1690 contrario
913 1624 976 1688 situ
990 1635 1127 1691 remota.

248 1803 278 1845 v.
306 1778 375 1846 167.
420 1768 608 1845 Contrarias
629 1777 754 1844 virtutis
775 1792 848 1843 sunt
871 1775 998 1847 Geloni.
1021 1777 1057 1841 hi
1077 1794 1192 1863 negant

143 1907 252 1959 orma,
275 1883 296 1948 i.
312 1905 339 1948 e.
352 1880 464 1946 nolunt
478 1904 633 1967 pugnare,
656 1898 690 1946 ut
707 1905 819 1962 negare
838 1888 977 1947 comitem
1001 1880 1103 1952 ovid.
1124 1867 1205 1952 Hei*

144 1990 183 2068 1.,
201 1990 290 2066 127„
302 1984 352 2049 vel
359 1988 508 2066 abnegare
516 1985 624 2049 Horat.
640 1980 748 2050 Carm.
757 1986 799 2066 1.,
814 1987 867 2052 35.
880 2011 909 2050 v.
916 1986 984 2071 22]
998 1984 1189 2056 We'rnsd.

247 2161 277 2202 v.
288 2140 360 2206 168.
403 2137 543 2204 Persicus
557 2140 643 2203 canis
656 2139 825 2222 sagacitate
836 2160 936 2224 aeque
954 2161 991 2203 ac
1005 2139 1191 2212 fortitudine

144 2242 263 2309 bellica.
272 2255 419 2328 praestat.
463 2239 538 2307 Non
555 2242 702 2328 estquod
720 2241 849 2326 vulgata
866 2266 940 2308 cum
960 2245 1094 2312 Heinsio
1107 2271 1183 2313 mu-

142 2361 233 2413 tetur.
277 2343 499 2429 Quinetiam,
526 2367 600 2410 cum
621 2360 777 2432 utrumque
795 2367 856 2410 vox
877 2347 993 2434 duplex
1016 2371 1117 2434 genus
1133 2356 1182 2415 in-

76 2503 81 2513 .
143 2465 237 2514 notae
256 2455 381 2514 uirtutis
402 2448 576 2532 significet,
610 2449 768 2515 absonum
790 2448 875 2519 foret
894 2457 926 2517 in
947 2468 1104 2542 utrumque
1123 2479 1186 2542 po-

141 2567 237 2617 ratus.

246 2682 373 2750 6159.
414 2683 466 2750 De
492 2681 610 2750 Serum
637 2685 755 2773 patria,
787 2686 876 2753 cuius
898 2686 1021 2758 serrum
1041 2715 1061 2759 a
1079 2693 1185 2763 Plinio

142 2785 312 2868 xxm,
337 2785 388 2854 14.
410 2789 573 2875 pannique
593 2787 763 2856 laudantur
782 2790 823 2857 ab
844 2791 978 2858 Horatio
998 2795 1062 2883 Ep.
1084 2799 1189 2879 vill„

144 2890 213 2971 16.,
235 2889 293 2955 ubi
313 2892 372 2957 sita
393 2889 505 2973 fuerit,
534 2891 669 2976 ambigit
686 2892 817 2963 Vossius
841 2897 883 2962 ad
896 2898 984 2983 Virg.
1004 2898 1125 2986 Georg.
1145 2903 1188 2971 ll.

142 2999 270 3062 v.121.
314 2990 409 3058 Seras
435 2992 595 3080 ludosque
623 2995 804 3066 coniunctos
834 2999 933 3070 babes
960 3005 1047 3090 apud
1073 3004 1187 3075 Horat.

142 3095 250 3162 Carm.
265 3097 309 3175 1.,
331 3101 380 3165 12.
394 3117 423 3164 v.
438 3095 491 3165 66.
533 3099 657 3165 Eorum
671 3106 875 3172 venauonem
887 3109 989 3193 attigit
1009 3108 1098 3175 idem
1113 3110 1187 3176 Ho-

141 3202 240 3267 ratius
255 3195 362 3264 Carm.
376 3198 419 3281 1.,
437 3201 490 3266 29.
505 3225 534 3266 v.
549 3205 580 3269 9.

171 3402 175 3424 ,
246 3376 277 3418 v.
295 3356 367 3420 161.
409 3352 478 3420 Etsi
493 3355 658 3442 Hyrcanae
679 3364 765 3445 genti
785 3384 901 3428 canum
916 3377 1004 3429 tanta
1023 3365 1105 3434 inest
1125 3390 1187 3435 ve-

141 3456 320 3539 hementia,
347 3471 498 3539 quantam
521 3459 620 3528 fuisse
640 3464 781 3529 diximus
804 3465 918 3531 Serum
938 3483 969 3532 et
984 3466 1185 3557 Lycaonum‚

141 3583 206 3626 non
220 3575 331 3623 tamen
344 3558 406 3624 hac
419 3577 564 3628 contenta
579 3581 640 3644 est,
659 3569 716 3633 sed
730 3572 827 3651 ultro,
847 3585 956 3655 sponte
971 3594 1044 3651 sua,
1065 3595 1084 3639 e
1097 3574 1184 3642 silvis

140 3663 205 3730 suis
218 3673 327 3748 petunt
345 3661 395 3725 vel
408 3666 566 3750 accipiunt
579 3667 697 3735 feriora
716 3675 838 3738 semina
852 3688 883 3737 ct
895 3675 1025 3757 tigribus
1042 3680 1184 3745 miscen-

139 3784 201 3833 tur.
246 3762 321 3828 Non
338 3762 379 3827 de
392 3765 563 3851 Hyrcanis,
587 3774 645 3852 ‘sed
667 3774 753 3840 lodis
776 3774 837 3841 hoc
852 3795 1012 3844 memorat
1026 3778 1125 3846 Arist.
1143 3782 1184 3847 de

141 3866 272 3932 animal.
290 3864 397 3945 Vlll.‚
416 3872 468 3935 33.
491 3887 520 3936 et
540 3874 620 3939 Plin.
638 3873 892 3957 v111.,40.,61.
937 3881 1001 3948 Sed
1023 3883 1182 3971 Hyrcania

141 3972 229 4038 Indis
243 3971 364 4049 vicina,
385 3986 416 4035 et
429 3973 559 4057 tigribus
571 3977 732 4068 abundat]
755 3980 943 4050 Wernsd.
987 3985 1073 4070 Ergo
1087 3988 1180 4054 nihili

10 4128 14 4135 .
141 4089 286 4144 aestumo
313 4074 465 4144 lohnsoui
494 4081 750 4153 emendationem
779 4101 854 4154 auto
881 4112 939 4177 pro
969 4105 1076 4174 contu,
1111 4107 1178 4159 turn
