2686 4928
509 319 832 446 ...734

144 589 179 654 p.
196 569 266 635 132.
308 564 374 632 Sed
389 587 489 651 quum
504 567 647 633 codicem
662 567 853 638 Thuaneum
872 573 1084 658 mendosum,
1106 574 1196 648 Gra-

144 675 227 737 tium
243 672 369 735 veroin
389 671 485 736 rebus
504 671 570 736 istis
584 673 796 742 describendis
816 678 908 744 valde
930 679 1101 746 obscurum
1122 704 1196 759 esse.

144 776 225 859 alibi
244 794 370 861 quoque
383 775 586 841 declaratum
607 779 663 856 sit,
697 778 855 848 abstinere
880 784 1058 849 maluimus
1080 807 1196 851 emen·

145 879 283 944 datione.
324 877 541 967 MS.;Thuan.
560 883 691 965 praebet
705 878 894 966 irreprensa,
924 888 1013 971 quod
1032 909 1194 977 reponen-

146 984 226 1050 dum
246 1002 349 1070 paene
370 982 594 1065 videturesse,
617 985 645 1049 si
660 983 739 1049 sorte
753 987 852 1071 possit
865 988 939 1054 inde
958 991 1080 1077 aliquid
1100 990 1194 1075 effici,

144 1088 236 1174 quod¹
252 1087 322 1152 veri
340 1085 382 1151 sit
401 1084 613 1179 simillimum.
632 1152 636 1160 ,
656 1086 752 1173 Apud
776 1087 933 1157 Ovidium
954 1091 1034 1160 Met.
1061 1095 1119 1161 lib.
1136 1097 1193 1162 111.

143 1213 177 1260 v.
201 1189 274 1258 840.
298 1193 507 1283 irreprebensa
533 1175 676 1277 responsa
696 1205 771 1256 sunt
792 1207 894 1271 certa,
926 1197 1039 1280 quibus
1065 1211 1193 1281 eventus

145 1309 283 1374 constat,
310 1293 609 1391 irreprehensibilia.
662 1280 734 1358 lam
756 1296 783 1358 si
803 1300 938 1379 implicet
958 1301 1078 1383 pariter
1098 1315 1193 1386 atque

145 1410 298 1478 coarguat
319 1399 452 1482 optandi
472 1399 540 1484 vim
566 1397 721 1476 habeant,
751 1397 839 1478 vide,
870 1420 912 1464 ne
934 1403 1099 1467 exoriatur
1122 1423 1193 1469 sen-

144 1502 247 1571 tentia
270 1486 403 1566 haecce:
426 1505 495 1566 Sais
508 1506 611 1585 pinnis
631 1502 900 1585 irreprehensibilis
916 1508 932 1581 (
929 1527 1102 1586 pennarum
1120 1529 1192 1572 neate

143 1606 235 1692 apto)
257 1606 495 1689 implicatam
505 1618 725 1700 properantem
740 1604 855 1689 feram.
899 1602 965 1670 Sed
986 1607 1128 1675 istarum
1141 1628 1191 1677 re·

143 1732 220 1779 rum
244 1708 403 1774 iudicium
427 1694 608 1802 relinquens
629 1707 830 1774 venatoribus
854 1711 948 1794 ipsis,
980 1710 1090 1778 addit:
1120 1726 1191 1800 qaae

138 1814 226 1904 sorta
241 1814 383 1879 mendosa
402 1826 488 1907 sant,
517 1817 583 1897 ipso
600 1836 653 1878 asa
668 1827 819 1893 coarguat
833 1815 885 1876 ael
902 1817 1021 1896 prodat
1035 1817 1130 1882 linea.
1191 1798 1195 1811 ¹

248 2026 277 2067 v.
299 1999 353 2068 85.
395 2016 489 2066 metas
510 2001 600 2065 idem
623 2024 661 2067 ac
676 2001 832 2086 formido,
856 2015 892 2066 ut
904 2000 1034 2068 Nemes.
1057 2029 1088 2070 v.
1104 2005 1193 2072 804.:

144 2106 198 2171 hic
210 2107 309 2190 igitur
326 2118 447 2186 metus,
476 2105 533 2189 qui
550 2120 628 2168 esta
650 2107 796 2188 pinnato,
822 2108 968 2171 maxime
989 2125 1191 2195 comparatos

145 2226 193 2278 est
216 2209 258 2274 ad
273 2230 381 2275 cervos
398 2209 577 2287 terrendos,
599 2210 655 2291 qui
671 2208 1041 2289 suntmeticulosissimi.
1093 2213 1191 2281 Voluit

143 2311 223 2401 perf.
236 2335 295 2400 pro
310 2333 414 2400 praes.
429 2330 465 2378 ut
476 2333 572 2398 saepe
584 2311 718 2395 noster]
737 2308 930 2378 Wernsd.

248 2508 278 2548 v.
293 2487 346 2551 86.
387 2483 493 2548 Potest
513 2497 613 2547 terror
633 2484 757 2567 pinnati
780 2485 907 2567 augeri,
934 2498 969 2549 ut
989 2483 1074 2551 aliae
1096 2484 1191 2549 etiam

142 2588 267 2653 belluae
281 2585 357 2648 inde
370 2599 533 2667 metuant,
555 2587 582 2650 si
597 2588 715 2671 pinnae
729 2583 880 2669 fucentur,
902 2587 1087 2670 colorentur,
1112 2609 1191 2652 san-

144 2690 223 2777 dyce
232 2687 371 2774 Libyco,
393 2688 494 2753 herba
507 2690 557 2754 vel
571 2691 657 2769 flore,
680 2687 729 2751 vel
744 2686 808 2751 alio
822 2691 982 2774 pigmento
1003 2690 1089 2755 rubri
1101 2691 1188 2754 oolo‹

143 2797 205 2876 ris,
241 2812 340 2877 quem
364 2791 535 2877 pleraeque
563 2792 649 2856 serae
674 2790 923 2875 perhorrescunt.
973 2791 1026 2858 De
1054 2793 1191 2880 sandyce

40 2924 42 2928 ’
72 2909 76 2919 “
142 2900 218 2964 vide
240 2895 380 2963 Turneb.
402 2892 534 2962 Advers.
557 2896 649 2973 XV.,
670 2895 739 2979 20.]
763 2893 949 2959 Wernsd.
1000 2893 1097 2963 Adde
1108 2885 1192 2961 'su-

142 3004 284 3070 masium
299 3001 340 3065 ad
356 2999 456 3065 Solin.
470 3024 501 3084 p.
516 3002 589 3065 810.
634 2997 748 3061 Solum
765 2990 917 3063 Gratiam
934 2999 1080 3065 mediam
1096 3001 1193 3064 huius

140 3108 230 3178 nocis
249 3103 406 3190 syllabam
421 3104 576 3186 corripere
593 3122 610 3165 e
623 3098 811 3166 Casaubono
825 3102 867 3164 ad
882 3099 990 3167 Aurei.
1003 3105 1056 3168 29.
1070 3103 1191 3169 notavit

59 3291 60 3295 Ἰ
141 3208 301 3274 Barthius.
345 3205 500 3272 Produxit
515 3225 588 3269 eam
602 3203 743 3290 Propert.
758 3202 816 3284 ll.,
836 3201 887 3270 25.
901 3228 931 3268 v.
946 3203 997 3268 45.

245 3400 276 3448 ν.
291 3380 344 3445 87.
387 3379 484 3440 Linea
497 3396 595 3449 arma,
610 3374 741 3460 plumae
757 3395 777 3438 a
791 3374 874 3437 linea
887 3374 936 3437 vel
949 3373 1029 3439 fune
1043 3376 1190 3459 penden-

142 3499 204 3566 tes,
218 3489 334 3565 lucent,
354 3482 448 3565 longo
463 3493 634 3544 cernuntur
650 3495 679 3543 et
693 3491 810 3543 terrent
826 3477 867 3539 ob
887 3481 1022 3542 rubrum
1039 3478 1189 3562 colorem,

143 3613 180 3653 en
192 3593 298 3672 positis
322 3587 482 3649 anconibus
504 3582 535 3647 h.
553 3603 579 3645 e.
600 3581 733 3646 esurcis
755 3583 822 3644 sive
841 3584 941 3660 varis,
964 3603 1046 3667 quae
1068 3586 1190 3667 positae

141 3707 214 3758 sunt
236 3690 277 3754 ad
293 3687 490 3755 sustinendos
507 3684 599 3749 funes
618 3699 648 3749 et
665 3685 859 3748 formidines.
904 3685 958 3749 Sic
975 3683 1098 3748 Lucan.
1118 3685 1189 3769 1V.‚

29 3861 43 3877 q
142 3794 233 3860 482:
272 3793 335 3857 Aut
363 3793 433 3852 dam
462 3774 617 3873 dispositis
648 3790 776 3851 attollat
805 3793 886 3849 retia
914 3794 999 3852 varis
1033 3791 1190 3864 Venatum]

141 3894 328 3964 Wernsd.
372 3896 482 3957 Lintea
496 3890 724 3956 restituendum
737 3909 775 3953 ex
792 3890 860 3956 cod.
881 3889 942 3958 Th.
985 3891 1114 3954 Deinde
1134 3914 1189 3956 en-

141 4007 249 4084 poo'tis
261 3998 375 4066 eadem
389 3997 573 4064 auctoritate
588 3993 751 4060 firmatum
766 4007 820 4061 est.
864 3991 1033 4060 Eiusmodi
1049 3993 1189 4059 furcillae
1210 4079 1214 4087 .

144 4102 273 4171 exibant
298 4103 375 4172 bina
401 4102 438 4166 in
465 4118 594 4166 cornua.
642 4097 754 4184 ltaque
781 4111 911 4184 propter
944 4096 1187 4164 similitudinem
