2686 4928
501 335 713 447 ····.¹4³
763 379 851 395 --

125 542 234 629 >quod
262 536 423 626 porrigine
447 539 570 626 scripsit
604 527 724 608 Graev.
750 537 853 626 Epist.
876 537 955 627 Syll.
978 536 1035 604 lv.
1063 563 1095 627 p.
1126 542 1201 611 295.

143 648 273 711 Verum
289 661 353 727 est,
372 643 459 729 quod
474 646 663 708 dulcedinem
677 663 736 729 pro
750 644 901 709 scabendi
915 644 1050 709 libidine
1065 645 1202 732 explieat

144 750 258 816 Wass.
280 741 608 816 rosellenses.
652 738 744 812 lelem
764 745 910 832 deformis
930 751 1077 834 reposuit.
1118 748 1201 817 lun-

144 841 249 939 genda
269 865 365 921 sunt:
391 851 525 913 lacerum
535 850 703 928 dulcedine
722 872 842 932 corpus.
879 855 933 914 oia
948 854 1004 916 leti
1018 855 1103 934 longi
1124 855 1155 921 h.
1171 876 1200 924 e.

146 961 227 1023 lenti.
251 961 319 1031 υἷα,
331 969 368 1020 ut
385 952 473 1038 Virg.
489 951 607 1039 Georg.
622 953 696 1034 Ill,
711 953 785 1018 482.

249 1134 281 1178 v.
301 1108 379 1181 ito.
420 1107 493 1174 Etsi
513 1110 606 1175 tristis
627 1123 672 1175 est
695 1107 875 1173 medicinae
899 1127 1055 1190 accessus,
1084 1113 1200 1193 melius

142 1233 270 1294 nmen,
299 1205 486 1276 unius'nece
500 1216 645 1277 amoveri
664 1211 806 1292 malum,
826 1233 925 1296 quam
942 1227 980 1277 ut
994 1230 1125 1299 pereant
1144 1219 1201 1280 iu-

138 1315 373 1384 ·numerabiles.
417 1314 573 1381 Similiter
586 1317 640 1381 lue
654 1315 820 1403 ¹pecudum
835 1317 1068 1400 ingravescente
1085 1320 1201 1404 Virgi-

148 1423 210 1488 lius
238 1420 324 1485 iubet
346 1416 463 1503 Georg.
485 1418 557 1498 lll.,
582 1417 790 1505 leole-469.
817 1424 967 1486 continuo
993 1421 1079 1491 ferro
1107 1446 1200 1490 com-

149 1544 276 1611 pescere
286 1523 457 1602 morbum,
482 1525 688 1608 priusquam:

249 1645 336 1709 Dira
355 1665 414 1736 per
434 1648 587 1704 incautum
609 1653 736 1726 serpunt
758 1649 902 1723 contagio
924 1645 1039 1724 volgus.

139 1762 277 1850 Quibus
287 1761 455 1840 iuuerbis,
477 1777 546 1824 uter
559 1776 728 1846 poetarum
742 1762 886 1823 imitatus
908 1761 1044 1826 alterum
1064 1765 1122 1843 sit,
1144 1767 1197 1831 in-

139 1859 228 1937 utile
244 1880 293 1931 est
304 1886 462 1950 quaerere.
506 1864 651 1927 Tantum
667 1863 798 1946 quidem
815 1878 960 1947 apertum
973 1865 1086 1946 credo,
1109 1864 1199 1934 Gra-

143 1972 233 2035 tium
257 1968 318 2033 boc
335 1986 428 2051 versu
449 1988 468 2031 a
483 1966 619 2049 Virgilio
635 1987 695 2030 nec
711 1967 942 2033 sententiarum
960 1968 1118 2054 pondere,
1138 1989 1199 2036 nec

142 2073 581 2156 verborumrinumerisque
592 2072 750 2156 superari.

250 2269 281 2310 v.
298 2244 374 2313 411.
404 2250 537 2331 sequaci,
559 2243 646 2329 quod
668 2247 864 2330 persequitur
878 2244 972 2326 alios,
992 2230 1198 2312 Burmannus

140 2351 298 2437 explicat,
319 2371 509 2437 comparans
529 2347 582 2413 ille
597 2347 708 2432 virgil.
723 2345 766 2416 G.
783 2347 840 2415 IV.
861 2373 891 2411 v.
907 2351 980 2413 230.
997 2363 1028 2413 et
1047 2346 1197 2447 Calpem.

143 2455 267 2537 unu,
289 2457 342 2521 31.

248 2650 281 2692 r.
294 2625 369 2692 412.
390 2630 528 2703 trabant,
543 2626 711 2708 attrahant,
735 2624 936 2714 concipiant]
953 2622 1089 2690 Barth.
1131 2626 1198 2693 Di-

143 2731 228 2798 citur
256 2733 380 2795 trahere
412 2731 452 2796 de
482 2730 667 2795 morborum
696 2731 849 2812 contagiis
877 2730 961 2795 lente
991 2732 1197 2816 serpentibus,
1312 2746 1314 2751 '

142 2855 230 2922 quae
250 2837 372 2901 sensim
388 2833 567 2920 sensimque
584 2831 800 2912 imbibuntur,
832 2844 881 2896 ut:

536 2988 579 3004 -
601 2957 759 3037 omniaque
779 2956 811 3013 in
834 2973 866 3014 se

251 3061 330 3125 Ossa
351 3062 524 3121 minutatim
546 3061 648 3122 morlo
671 3058 811 3139 collapso
832 3055 1001 3145 cuatelam,

145 3177 236 3262 Vrrg.
249 3175 370 3263 Georg.
385 3179 462 3257 lll.,
484 3176 557 3246 485.
608 3178 718 3241 Vitium
740 3178 861 3240 trabere
880 3188 927 3238 est
947 3169 1033 3256 apud
1052 3168 1137 3239 Plio.
1150 3168 1196 3243 N.

141 3279 184 3346 H.
205 3279 363 3358 xxxll„
394 3286 444 3347 10.
473 3296 503 3344 et
532 3285 617 3345 troui
646 3284 790 3358 contagia
819 3277 916 3344 ovid.
943 3273 1038 3339 Trist.
1059 3275 1116 3355 V„
1146 3281 1197 3344 ts.

147 3384 244 3463 Vulgo
273 3398 360 3448 vetus
388 3383 494 3448 editio.
537 3383 759 3470 Depravalum
787 3382 848 3446 hoc
875 3394 920 3446 est
943 3399 980 3442 ex
1000 3381 1094 3456 uulgo
1114 3376 1146 3442 h.
1168 3399 1197 3445 e.

140 3488 268 3566 uulgom
290 3484 341 3549 vel
362 3489 501 3566 vulgum,
530 3488 617 3573 quod
641 3509 727 3551 nunc
747 3506 859 3548 omnes
881 3479 1041 3567 praebent.
1086 3479 1198 3566 ltaque

140 3588 184 3683 ab
199 3588 288 3654 illius
300 3588 525 3671 significatione
537 3591 626 3656 verbi
640 3593 768 3654 trulzunt
780 3586 904 3651 recessit
914 3581 1047 3648 Gratius
1061 3607 1199 3670 parum·

139 3712 220 3779 per3
239 3701 382 3777 namque
396 3692 456 3757 hoc
471 3692 539 3758 loco
553 3696 659 3775 vulgus
672 3697 807 3758 trabitur
821 3696 926 3773 ipsum,
941 3686 974 3752 h.
989 3707 1016 3752 e.
1030 3687 1197 3773 paullatim
1227 3725 1230 3731 ·

141 3795 375 3880 pessumdatur.

164 4012 167 4017 -
250 3991 280 4031 v.
294 3964 368 4032 413.
411 3965 571 4033 Nolumus
593 3967 772 4051 relinquere
788 3965 971 4049 vulgatam:
991 3976 1022 4026 et
1037 3974 1198 4045 promovet

95 4148 101 4157 ¹
146 4082 224 4136 ortu.
270 4067 420 4159 Aptanda
443 4072 539 4154 igitur
557 4073 603 4138 ita
624 4073 738 4138 verba:
765 4084 796 4136 et
813 4085 884 4136 omu
907 4071 1032 4134 clemens
1053 4087 1197 4149 -pro-

861 4273 866 4284 .
982 4243 992 4252 ‘
1049 4260 1059 4279 -t

1015 4308 1030 4325 ιι
1065 4312 1071 4321 a
1312 4312 1315 4319 .

1011 4292 1107 4425 ab&

1078 4364 1120 4397 ,νς
1224 4368 1231 4383 ·
