2656 4884
494 349 844 431 ...uo-...-

143 560 215 624 loc'o
235 577 295 642 pro
316 552 400 641 pelle
421 556 562 640 positum
576 558 769 642 reperiatur,
787 567 821 620 et
841 567 981 623 crustae
996 569 1116 632 amo,

144 662 222 730 Cod.
239 659 363 726 Theod.
387 656 442 722 lib.
455 657 528 726 XV.
550 660 599 724 tit.
616 663 646 726 7.
665 659 685 728 Ι.
703 665 753 727 11.
771 674 966 739 occurrunt,
984 680 1135 745 quasque

144 764 313 836 thofredus
335 765 465 848 exponit
482 765 658 846 variegatas
669 762 720 828 vel
733 784 877 851 purpura
891 765 1052 844 mixtu,
1077 763 1139 829 buc
1152 786 1193 850 tp·

142 871 257 960 plicari
270 890 333 931 non
350 882 491 953 possunt.
522 865 665 951 Accedit,
678 867 765 951 quod
775 864 907 934 Gratius
924 889 1003 932 non
1020 867 1115 933 nude
1128 850 1193 954 pre

143 979 236 1062 cipit,
266 972 396 1038 collaria
416 993 454 1034 ex
474 971 556 1055 pelle
577 971 671 1037 melis
691 971 908 1052 conficienda,
938 971 1005 1037 sed
1027 972 1083 1038 his
1104 972 1141 1037 ali
1162 973 1167 986 '

143 1079 382 1150 inducendum,
422 1074 611 1139 addendum
631 1074 681 1139 vel
706 1075 961 1156 includendam,
1002 1076 1103 1160 quod
1122 1076 1168 1141 rab

142 1184 187 1252 ad
207 1179 407 1247 amoliendos
428 1176 566 1243 morbos.
610 1178 723 1263 ltaque
745 1180 792 1244 sic
806 1193 932 1258 statuo,
950 1177 1159 1264 cristatup

141 1288 234 1355 nacci
247 1281 436 1368 significari,
464 1283 515 1346 cui
530 1282 578 1346 vis
594 1287 720 1366 magica
734 1280 900 1361 tribuatur,
927 1295 964 1346 et
978 1282 1095 1350 verba
1147 1280 1156 1301 ”

141 1416 200 1475 pac
223 1392 309 1453 mcb‘s
330 1385 497 1451 referenda
518 1386 560 1449 ad
580 1389 762 1462 collaribus,
791 1399 826 1450 ut
845 1384 895 1450 bis
918 1399 1070 1451 tanturn
1094 1410 1128 1454 co
1159 1388 1163 1400 '

142 1521 180 1562 ex
195 1492 277 1580 pelle
296 1488 390 1555 melis
411 1488 556 1555 confecta
576 1482 803 1557 describantur.
849 1486 901 1552 Ab
919 1487 1025 1572 gallis
1042 1489 1140 1557 multa
1185 1566 1188 1571 Ι

141 1598 252 1666 media
270 1592 458 1660 morborum
481 1594 572 1678 petiit
593 1608 683 1659 vetos
697 1591 885 1677 superstitio.
907 1630 911 1636 ·
932 1590 1032 1659 Exta
1059 1594 1121 1679 gall

141 1721 174 1770 et
188 1703 304 1777 fibras,
333 1710 368 1759 ut
383 1697 509 1780 opimas
527 1697 691 1775 victimas,
711 1694 785 1759 Diis
800 1696 1057 1780 acceptissimas
1071 1720 1133 1765 esse

142 1811 189 1874 dit
201 1803 322 1873 Plinius
339 1798 394 1862 lib.
408 1799 467 1879 X..
489 1805 542 1867 21.
587 1799 781 1884 Aesculapio
796 1800 917 1882 gallum
940 1801 1132 1882 solvebant,

140 1907 390 1984 convaluissent,
413 1917 444 1967 et
460 1925 519 1987 pro
540 1905 719 1969 avertendis
741 1904 862 1967 morbis
881 1903 1026 1971 cristam
1051 1907 1124 1991 galli

139 2017 229 2085 ribus
242 2011 384 2076 oblatam
399 2026 482 2087 esse,
505 2007 589 2072 clare
603 2020 733 2071 testatur
745 2004 903 2070 luvenalis
919 2004 992 2074 Sat.
1010 2010 1120 2091 thl.

270 2168 275 2177 .
350 2144 396 2158 -
413 2144 461 2157 —
480 2144 525 2159 -
546 2144 592 2160 -
610 2111 753 2190 pecudem
773 2111 924 2192 spondere
946 2117 1078 2178 sacello
1176 2134 1184 2151 ‘

245 2217 424 2288 Bolanum,
446 2228 476 2278 ct
489 2217 623 2278 Laribus
643 2218 770 2278 cristam
784 2219 967 2293 promittere
995 2220 1089 2296 galli

245 2324 315 2387 ll'ort
337 2322 459 2382 nudent.
1105 2314 1109 2321 ’
1179 2310 1183 2391 J

140 2430 279 2499 Cristam
301 2424 374 2507 galli
392 2419 560 2487 contritam
578 2417 747 2485 efficaciter
765 2420 891 2505 imponi
911 2423 1009 2505 cani,
1036 2418 1160 2493 morsui

140 2537 205 2601 alio
220 2530 356 2605 rabioso,
376 2522 483 2590 scribit
492 2521 614 2586 Plinius
628 2522 683 2610 lib.
697 2522 817 2588 XXIX.
827 2545 852 2586 c.
863 2521 891 2587 5.
901 2525 928 2604 §.
939 2529 996 2593 82.
1041 2529 1115 2594 lam
1178 2524 1188 2577 ²·-

139 2638 248 2704 valerc
264 2632 304 2698 ad
318 2625 448 2695 morbos
469 2625 672 2703 avertendos,
702 2626 735 2687 in
751 2627 927 2711 primisque
944 2633 1083 2698 mederi
1098 2658 1114 2699 c

140 2744 236 2808 batur
251 2733 373 2801 morsui
387 2743 560 2802 venenato,
589 2728 624 2790 id
641 2728 737 2794 facile
749 2730 875 2809 credas,
902 2730 1050 2797 collari
1039 2753 1150 2804 inserto

139 2867 198 2933 pro
228 2834 421 2928 phylacterio
451 2829 594 2895 ciusdem
624 2831 781 2898 habitunt.
828 2837 944 2897 Cristos
972 2853 1140 2907 autema
1193 2880 1196 2885 ·

141 2950 234 3027 dicit,
253 2939 400 3028 quamvis
420 2932 588 3018 gallinacei
599 2935 770 3020 intelligat,
799 2938 876 3021 quia
892 2936 986 3002 huius
1013 2947 1092 3010 avis
1112 2969 1132 3031 p
1180 3022 1183 3029 Ι

140 3057 233 3138 cipue
258 3045 406 3108 dicuntur
427 3038 556 3117 cristae,
587 3038 673 3102 unde
694 3045 837 3106 cristatae
862 3062 934 3105 aves
957 3043 1039 3123 galli
1063 3047 1107 3111 M
1149 3047 1156 3060 '

139 3156 194 3219 lib.
210 3148 319 3225 XlV.,
340 3147 416 3209 223.
461 3140 526 3204 Vix
549 3141 740 3209 crediderim
764 3145 828 3210 alie
850 3145 973 3209 ratione
998 3148 1131 3217 melius

138 3257 244 3344 pedtri
260 3244 365 3316 Gratii
380 3244 486 3310 locum
500 3265 601 3329 posse.
645 3244 697 3310 De
712 3247 796 3312 mele
817 3247 937 3311 dictum
953 3263 1001 3312 est
1022 3253 1067 3315 ad
1090 3259 1158 3322 nu

139 3355 292 3442 Luctsugu
314 3348 443 3426 dicitur,
467 3347 552 3432 qnod
569 3348 629 3412 hoc
650 3350 771 3415 animal
792 3365 886 3415 noctu
903 3354 1057 3418 maxime
1083 3381 1123 3442 gr

139 3479 198 3528 tur.
241 3455 388 3519 inducero
408 3451 491 3516 valet
511 3455 653 3531 insuere,
675 3454 913 3520 velincludcre.
960 3451 1007 3517 Et
1028 3459 1081 3524 sic
1106 3458 1163 3527 co'

139 3582 212 3649 gere
225 3556 351 3622 volebat
365 3557 433 3643 ipse
449 3554 595 3640 Ulitius.]
619 3555 807 3625 Wernsd.
830 3556 962 3622 Excurs.
977 3557 1022 3622 V.

99 3767 102 3771 ι
244 3675 362 3743 v.403.
406 3676 484 3740 Vult
507 3674 627 3739 monile
650 3696 687 3739 ex
710 3677 838 3752 conchis
858 3697 979 3740 nexum
1005 3704 1071 3762 pro
1096 3676 1174 3759 colla

140 3782 221 3850 collo
242 3778 441 3843 circumdari
484 3778 546 3842 Per
567 3801 673 3843 sacros
693 3786 820 3847 conchas
838 3783 943 3845 innuit
959 3779 1090 3849 Veneri
1115 3787 1176 3851 dice

139 3903 202 3967 tas,
233 3905 313 3968 quas
335 3881 496 3946 Vcnereas
517 3882 626 3946 dicunt
647 3898 722 3949 teste
746 3883 851 3948 Plinio
871 3882 1030 3964 xxxtt,
1057 3895 1108 3969 1.,
1137 3889 1177 3955 mi
