2686 4928
141 318 227 370 xxw

137 471 425 572 ''dctnonstratum
475 490 560 567 Non
587 513 639 567 est
666 511 782 566 autem
813 489 925 581 ullus,
963 508 1004 560 ut
1032 482 1188 577 arbitror,

146 650 325 722 poetarum
340 622 605 717 didacticorum,
620 666 623 677 ·
636 623 735 699 euius
755 644 826 696 tam
840 620 1017 716 inquinata
1027 617 1190 692 erudito-

148 789 229 849 rum
253 756 387 832 iudiciis
407 756 609 852 praestantia
630 755 689 848 sit,
728 781 836 850 quam
857 753 924 835 hic
976 751 1050 839 Qui
1071 750 1133 825 etsi
1154 749 1192 822 in

141 894 269 984 celius,
308 916 396 984 quae
421 889 467 962 ad
492 910 599 962 artem
622 885 809 963 venationis
835 883 1020 978 pertinent,
1058 883 1192 958 descri-

142 1022 268 1112 bendis
283 1019 460 1115 aliquoties
476 1039 526 1093 est
540 1018 737 1112 obscurior,
762 1017 798 1091 in
821 1044 978 1091 sermone
996 1038 1111 1089 tamen
1134 1014 1193 1086 ni—

149 1154 199 1226 hil
219 1156 359 1251 vulgare
376 1151 463 1225 inest
487 1172 548 1223 aut
566 1149 669 1243 exile,
693 1171 734 1223 ut
754 1149 884 1242 inipso
902 1146 1060 1222 materiae
1074 1146 1193 1219 tenui=

144 1307 227 1373 tate.
239 1284 337 1358 altior
359 1283 501 1377 quidem
520 1309 560 1357 ac
579 1309 688 1377 prope
711 1282 847 1356 divinus
865 1280 1002 1376 spiritus
1021 1277 1072 1351 sit.
1122 1277 1194 1351 Ni-.

150 1416 200 1490 hil
214 1437 266 1488 cst
278 1444 350 1489 non
362 1391 514 1488 deorum
524 1414 721 1488 auctoritate
733 1414 912 1487 inventum
928 1435 961 1487 et
975 1409 1195 1485 administra-

144 1568 245 1639 tum,
271 1569 310 1618 ut
324 1546 411 1620 inter
429 1547 516 1620 deos
537 1544 635 1639 quasi
648 1546 743 1640 ipsos
757 1548 864 1620 lector
885 1573 923 1619 se
944 1540 1096 1619 delatum
1110 1570 1195 1617 sen·-.

148 1678 216 1766 ,tiat
225 1678 382 1776 legendo.
430 1675 600 1778 ltaqueiu
614 1675 836 1772 disponendis
852 1675 1094 1770 nectendisque
1109 1703 1195 1750 sen-

155 1808 283 1903 tentiis,
309 1836 416 1903 quam
435 1807 601 1883 rationem
619 1829 651 1882 et
666 1830 772 1884 artem
793 1810 951 1892 carminis
968 1809 1078 1886 dicere
1098 1813 1194 1891 sole-,

149 1969 251 2034 mus,
292 1942 504 2036 optimorum
530 1942 567 2014 in
599 1940 685 2028 hoc¹
707 1969 830 2040 genere
856 1942 997 2016 laudem
1028 1942 1196 2043 aequavit,

155 2077 285 2166 multos
300 2073 401 2146 etiam
415 2072 601 2167 superavit3
631 2074 710 2165 sed,
739 2073 838 2175 quod
857 2093 907 2146 est
921 2076 1066 2146 alterum
1079 2097 1199 2148 nostra

150 2203 191 2292 in
207 2233 368 2298 censura,
391 2204 507 2298 ipsum
520 2232 630 2304 genus
645 2203 782 2279 dicendi
794 2203 1012 2298 impeditum,
1036 2204 1199 2302 arduum,

149 2339 370 2427 salebrosum
394 2363 460 2411 nec
479 2336 627 2409 liberum
649 2339 693 2408 ab
715 2338 888 2411 obsoletae
901 2336 1201 2437 -antiquitatisnf-

150 2468 336 2554 ,sectatione
396 2469 621 2560 Quamquam
641 2492 685 2538 ne
706 2465 777 2550 hoc
798 2465 942 2566 quidem
963 2468 1036 2541 sine
1056 2469 1200 2548 consilio

157 2598 291 2673 ridetur
317 2621 350 2674 et
377 2599 508 2673 ratione
536 2602 677 2672 factum.
727 2594 910 2698 Namque,
956 2619 996 2670 ut
1021 2602 1198 2686 omniain

87 2717 90 2721 ⁴
154 2730 279 2804 ‚Gratio
303 2730 434 2825 pietatis
455 2757 497 2806 ae
521 2727 707 2828 relligionis
730 2755 812 2823 prae
836 2756 873 2802 se
900 2731 1053 2807 colorem
1072 2736 1200 2829 ferunt,

153 2862 449 2968 ,rpuaelrominum
465 2862 608 2964 (pridem
623 2859 789 2961 opinione
803 2859 1002 2956 antiquioris
1023 2864 1096 2940 aevi
1114 2869 1202 2941 solet

153 2995 298 3093 ‚propria
320 3024 410 3089 esse,
421 3047 422 3052 κ
435 2994 482 3068 ita
497 3022 690 3070 sermonem
706 2993 809 3070 etiam
828 3022 902 3068 non
917 3016 1048 3073 temere
1069 2998 1115 3073 ad
1136 3027 1202 3074 ve·

160 3144 292 3198 tustum
312 3127 479 3220 loquendi
494 3155 629 3202 morem
646 3126 842 3223 composuit
863 3126 1011 3212 Gratius.

162 3311 178 3343 =‚·
225 3308 228 3316 .
261 3257 408 3333 Facilior
427 3280 478 3345 est
496 3285 536 3333 ac
551 3261 662 3335 multo
679 3259 865 3356 expeditior
881 3260 993 3335 aditus
1008 3260 1052 3334 ad
1067 3257 1202 3335 Nemess

161 3389 305 3478 sianum.
358 3393 476 3478 Quem
500 3391 659 3493 princeps
679 3393 783 3469 editio
803 3391 929 3467 Aldina
953 3399 1110 3470 a1534.
1133 3421 1202 3468 νον

163 3543 216 3596 cat
238 3528 291 3595 M
314 3526 514 3598 Aurelium
542 3529 761 3620 Olympium
775 3528 1059 3612 Nemesianum,
1086 3525 1204 3625 Vopi-

162 3679 242 3741 scus
262 3680 342 3727 vero
364 3655 430 3730 vita
452 3654 654 3728 Numeriani
678 3682 706 3728 c
725 3672 755 3731 1.
783 3658 1001 3750 Olympium
1022 3656 1103 3734 dicit
1119 3663 1204 3731 Ne-

167 3789 381 3859 mesiannm.
445 3785 554 3859 Addit
586 3786 849 3871 Wernsdorfius
869 3829 871 3834 .
888 3813 929 3859 ex
966 3788 1081 3862 medio
1119 3813 1203 3864 aevo

168 3917 395 3993 Hinc-mariun
420 3919 640 4015 lismensem,
674 3947 693 3991 a
720 3944 791 4011 quo
816 3918 1101 4018 Carthaginiensis
1122 3918 1205 3994 Au-
