2686 4928
529 320 876 407 —103--

168 540 204 585 as
222 517 267 584 ad
284 528 405 585 terram
420 516 627 605 inclinatum,
651 540 686 590 ut
698 528 844 591 uideatur
856 528 1019 596 mandere.
1061 526 1226 616 Frequens

166 626 230 689 ista
253 622 388 701 locutio,
410 622 555 707 utVirg.
573 625 654 691 Aen.
667 627 744 710 XL,
764 633 838 698 669.
859 630 900 699 de
921 632 1009 701 hoste
1031 632 1124 703 ltttmi
1144 659 1221 721 pro-

162 740 272 793 strato.
318 724 408 791 Alias
431 730 571 793 mordere
592 732 754 799 usitatum.
795 732 953 801 Similiter
982 736 1088 819 Valet.
1117 736 1218 805 Flacc.

164 830 241 909 1tl.‚
265 834 338 898 106.
359 832 503 893 ananam
514 854 648 918 mquam
661 848 692 900 et
701 837 842 901 tellurem
855 853 1005 922 appetere¹
1013 840 1071 905 Sil.
1087 838 1156 905 Ital.
1166 840 1216 923 V,

160 933 238 999 626.
256 931 315 999 cir.
331 931 408 999 ibid
421 933 560 1016 xvnt,
576 941 652 1006 266.
673 939 823 1017 λάξεσθαι
836 940 903 1006 sive
920 939 997 1021 ἑλεῖν
1011 955 1104 1027 γαῖαν
1116 944 1212 1009 Hom.
1323 1011 1327 1018 ,

159 1036 197 1101 lt
211 1033 272 1115 ll.,'
292 1035 370 1101 418.
411 1041 534 1120 Satara,
557 1043 642 1125 quod
655 1063 714 1126 pro
730 1048 799 1123 ipsa
812 1044 946 1109 coniecit
960 1044 1124 1128 Heinsius,
1144 1069 1209 1111 non

157 1140 264 1224 tnagis
279 1136 375 1218 utile,
397 1161 496 1225 quam
513 1147 598 1209 radit
612 1148 733 1210 mum
747 1146 789 1212 ab
802 1148 916 1214 eodem
929 1146 985 1211 illo
1004 1163 1189 1214 correctum.

262 1333 293 1374 v.
310 1314 386 1376 239.
429 1306 552 1378 Placuit
566 1332 679 1401 poetae
693 1339 767 1382 cum
780 1319 988 1403 magnanimo
1004 1341 1101 1406 equo,
1122 1339 1206 1402 qua·
1235 1350 1239 1356 -
1309 1311 1312 1320 ’

165 1415 205 1480 lis
226 1413 308 1499 apud
331 1412 505 1498 Virgilium
526 1432 588 1497 est,
617 1441 804 1506 comparare
826 1402 1015 1489 caniculam.
1061 1422 1098 1486 ld
1118 1421 1203 1505 quud

161 1519 304 1584 absma-
319 1518 427 1611 priore
457 1540 549 1585 versu
574 1537 605 1586 et
627 1521 696 1588 hoc.
738 1524 826 1591 Vera
849 1540 894 1591 est
916 1527 958 1592 ab
978 1504 1202 1590 Wernsdorsro

155 1623 310 1707 scriptura
330 1622 490 1687 restitute:
518 1639 688 1706 apprensat
708 1632 831 1693 naribus
851 1653 953 1695 auras.
998 1630 1047 1693 lta
1061 1628 1101 1692 da
1118 1648 1200 1711 equo

151 1746 291 1811 magnos
316 1726 445 1811 spiritus
470 1724 616 1793 trahente
642 1728 796 1811 Virgilius
826 1727 868 1796 G.
890 1733 933 1814 1.,
958 1735 1031 1796 376.
1059 1734 1200 1809 captavit

152 1835 284 1897 mribus
295 1851 403 1911 awas,
424 1828 480 1891 ubi
498 1829 677 1893 Varronem
693 1832 813 1916 respice
828 1845 849 1897 a
866 1831 979 1897 Vossin
994 1831 1155 1897 collatum.

127 1990 130 1997 ’
266 1978 515 2055 maior-245.
558 1981 663 2050 Locus
686 2001 732 2051 est
756 1988 903 2055 omnium
923 1985 1042 2051 iudicio
1064 1983 1197 2049 intrica-

152 2092 294 2171 tissimus
318 2109 375 2171 nec
400 2087 554 2151 librorum
578 2087 825 2179 MSS.sauxili0
853 2093 898 2158 ita
925 2089 1122 2168 sublevatus,
1152 2103 1194 2169 ut,

147 2196 232 2283 quid
254 2214 364 2259 verum
384 2191 439 2272 sit,
469 2190 566 2274 digito
586 2182 682 2277 possit
701 2197 882 2259 monstrari.
923 2194 1076 2259 Extrema
1099 2189 1197 2256 verba
1258 2250 1261 2254 Δ

143 2322 257 2366 versus
271 2294 346 2362 244.
359 2307 504 2378 corrupta
519 2314 585 2357 esse
601 2292 706 2378 liquet.
749 2295 849 2377 Igitur
862 2298 898 2358 in
920 2311 1008 2360 tanta
1028 2295 1194 2377 ambigui-

146 2402 215 2468 tate
242 2399 413 2465 eiusmodi
431 2395 556 2458 videtur
585 2399 740 2464 sententie
768 2398 908 2461 eruenda
936 2419 1018 2462 esse:
1052 2398 1194 2460 Docetur

152 2506 235 2572 cenis
252 2504 385 2585 vestigia
396 2501 538 2575 serarum
553 2498 717 2583 diligenter
730 2504 930 2582 examinare,
956 2523 998 2567 ne
1016 2501 1051 2566 in
1072 2519 1192 2564 errores
1258 2528 1260 2533 ⁴

147 2604 335 2678 inducatur.'
371 2603 439 2688 Qui
468 2604 497 2667 si
524 2601 604 2668 sorte
630 2604 736 2690 lapsus
757 2627 863 2673 errore
884 2605 998 2687 fuerit,
1034 2604 1133 2669 eliam
1161 2615 1192 2666 et

113 2720 116 2724 ’
142 2715 314 2780 rectiorem
330 2708 417 2771 viam
438 2707 642 2788 ingrediatur.
686 2708 788 2774 Versu
811 2724 917 2774 autem
939 2707 1031 2788 240,
1061 2708 1118 2772 etsi
1133 2706 1187 2790 sa-

139 2840 214 2884 aare
234 2811 428 2878 vocabulum
448 2811 602 2894 exemplis
628 2824 801 2874 sustentare
829 2832 969 2895 nequeo,
995 2812 1042 2873 ita
1061 2826 1096 2874 ut
1117 2831 1190 2872 cor-

141 2919 266 3007 ruptela
292 2916 436 2979 laborare
461 2914 541 2976 illud
571 2934 674 2998 paene
696 2914 843 2991 credam,
878 2914 1056 2995 comparari
1081 2925 1188 2973 tamen
1292 2997 1295 3002 Ι

146 3012 263 3108 aliqua*
283 3019 406 3083 ratione
432 3032 532 3102 potest
557 3040 630 3080 cum
652 3015 767 3101 favore
793 3039 823 3084 ν.
844 3021 917 3097 230.
967 3012 1044 3077 Esto
1074 3012 1187 3093 igitur:

140 3130 294 3193 alacriter
307 3125 500 3200 investigare.
545 3127 691 3200 Pignora,
712 3132 747 3182 ut
759 3143 788 3183 v.
803 3123 887 3196 231„
897 3119 997 3209 signa
1012 3132 1085 3181 sunt
1097 3114 1186 3179 futu-

137 3251 197 3297 rae
215 3226 364 3316 praedae.
408 3223 519 3308 ltaque
542 3247 578 3286 na
598 3227 693 3286 nimiu
709 3227 912 3303 investigandi
932 3225 1099 3284 alacritate
1113 3225 1184 3304 pri-

133 3359 190 3400 -ma
204 3334 361 3397 nudarum
383 3332 485 3390 obtutu
500 3326 651 3410 fallatur,
671 3331 771 3390 sedem
786 3331 911 3391 docetur
923 3327 1013 3411 serae
1026 3328 1184 3404 virgulta-

141 3464 210 3504 rum
232 3439 303 3499 orba
325 3434 469 3499 inclusam
490 3433 749 3504 circumlustrare,
777 3447 806 3494 ct
824 3437 1019 3508 vestigiorum
1033 3451 1183 3491 accessum

140 3547 475 3623 abitumqua'accurata
491 3542 646 3620 inspicere.
691 3532 863 3598 Notissima
877 3520 923 3597 est
937 3532 1078 3596 attractio
1092 3553 1182 3599 versu
1275 3541 1277 3545 ’

139 3647 216 3713 241.
243 3661 320 3727 pro:
348 3644 433 3702 eirca
459 3662 574 3702 omnem
601 3642 701 3702 orbem
728 3662 767 3700 m.
791 3663 817 3722 q.
840 3639 878 3700 cl.
921 3635 1107 3700 Ridiculum
1139 3648 1185 3697 est

140 3751 229 3815 enirn
250 3765 323 3807 cum
337 3741 526 3806 Burmanno
542 3758 719 3805 construere
732 3763 846 3803 omnem
866 3775 911 3788 -
932 3743 1047 3823 pedam.
1094 3741 1183 3802 Orbis

143 3855 253 3936 igitur,
283 3862 317 3910 ut
338 3873 428 3927 garns
449 3869 477 3909 v.
494 3844 585 3924 245„
614 3845 738 3909 medius
758 3859 804 3907 est
824 3844 926 3922 locus,
954 3867 1052 3928 quem
1073 3840 1182 3904 circuit

144 3955 226 4020 canis
241 3953 340 4034 etqui
354 3952 483 4034 aspretis
500 3952 639 4032 undique
658 3963 706 4010 est
719 3949 948 4033 circumseptus.
992 3947 1094 4008 Versu
1108 3940 1180 4007 243.

144 4057 260 4123 iniuria
275 4053 413 4120 offensus
428 4069 472 4119 est
484 4053 659 4127 lehnsonus
675 4058 778 4133 prima
793 4049 945 4118 vocabulo
965 4064 1011 4115 ter
1032 4068 1085 4112 sex
1109 4067 1182 4111 ver-
