2686 4928
571 322 896 399 ...lg-

254 532 363 604 Crura
378 528 500 621 velim,
534 550 567 602 et
582 529 712 602 soiidos
730 529 818 603 haee
833 529 868 600 in
884 532 1070 606 certamina
1087 536 1204 610 calces.

255 665 326 738 Sed
342 667 467 737 smstra
483 664 610 762 longus
624 683 790 762 properat
806 664 921 757 labor,
948 664 1061 739 abdita
1077 667 1105 737 si
1119 697 1191 740 non

153 817 225 879 280
252 799 348 870 Altas
365 796 400 868 in
417 797 573 870 tenebras
592 794 725 895 unique
739 793 872 869 inclusa
887 797 1010 872 marito

131 950 141 973 ³
253 929 412 1023 Femina,
447 958 511 1004 nec
533 928 661 1028 patitur
680 927 824 1002 Veneris
840 930 907 1000 suh
922 951 1079 1030 tempore
1091 960 1260 1033 magnos,

252 1064 315 1139 Illa
334 1068 451 1163 'neque
467 1061 625 1134 emeritae
640 1081 751 1136 servat
766 1059 898 1160 fastigia
913 1062 1035 1135 laudis.

253 1196 358 1269 Primi
374 1194 595 1293 complexus,
624 1191 823 1267 dtdcissima
839 1192 950 1294 prima
966 1198 1137 1295 voluptas.

250 1329 358 1402 Hunc
372 1324 499 1401 Veneri
515 1323 610 1398 dedit
623 1324 806 1425 impatiens
821 1348 944 1399 natura
959 1330 1124 1402 furorem.

150 1475 221 1541 285
249 1460 287 1534 Si
304 1458 417 1534 renuit
437 1478 582 1533 cunctos
600 1477 633 1531 et
648 1477 758 1532 mater
771 1458 926 1534 adultera
942 1488 1016 1535 non
1032 1484 1101 1554 est,

249 1593 305 1667 Da
321 1590 476 1694 requiem
491 1589 651 1690 gravidae
666 1589 858 1691 solitosque
871 1592 1002 1668 remitte
1017 1597 1161 1668 labores,

248 1725 314 1802 Vix
337 1723 435 1826 operi
448 1750 556 1823 super
569 1721 627 1794 illa
641 1751 716 1797 suo.
748 1744 825 1797 tum
840 1725 965 1801 deinde
979 1730 1150 1823 moridie,

246 1857 302 1933 Ne
318 1878 462 1931 matrem
479 1854 638 1929 indocilis
654 1877 818 1930 natorum
832 1860 934 1931 turba
949 1859 1085 1960 fatiget,

245 1992 450 2063 Percensere
466 1988 556 2060 notis
571 1988 711 2088 iamque
726 1988 808 2061 inde
820 2017 1000 2068 excernere
1016 2023 1150 2094 parvos.

146 2142 220 2204 290
247 2123 354 2220 Signa
374 2119 507 2194 dabunt
528 2118 604 2219 ipsi.
630 2118 755 2192 teneris
779 2120 833 2195 vix
851 2125 993 2196 artubus
1012 2125 1128 2201 haeret

243 2255 305 2329 Ille
321 2273 401 2326 tuos
418 2250 502 2325 olim
517 2280 589 2325 non
603 2252 801 2326 desectums
817 2255 983 2329 honores:

242 2389 387 2487 lamque
403 2383 503 2457 illum
519 2383 701 2485 impatiens
720 2414 852 2488 aequae
867 2387 1080 2462 vehementia
1098 2389 1199 2462 sortis
1261 2484 1273 2503 ·

241 2515 385 2596 Extulit:
409 2520 543 2592 affectat
556 2540 710 2595 materna
725 2549 830 2622 regna
841 2519 908 2592 sub
923 2521 1017 2616 alv05

252 2750 457 2772 m

274 2920 298 2954 v·
314 2903 377 2959 281.
399 2903 513 2971 patr'tur
532 2900 604 2957 Ven.
623 2906 658 2958 ε.
670 2914 755 2975 temp.
774 2919 869 2958 morer
890 2901 1011 2956 Gronov.
1033 2921 1075 2968 ω
1094 2903 1147 2956 rub
1166 2906 1293 2968 tempore

340 2991 486 3048 moechae,
504 2986 564 3040 Illa
577 2988 672 3046 Johns.
685 2989 798 3057 Wadi.;
824 2992 953 3045 moechor
967 2989 1062 3051 Mitte,
1084 2991 1135 3042 red
1156 2988 1292 3040 emeritae

339 3080 391 3128 eet.
414 3071 510 3125 Burin.
528 3090 552 3127 c.

270 3205 296 3240 v.
309 3188 371 3244 282.
389 3205 439 3242 nee
452 3190 591 3244 t'mmerr'to
604 3201 701 3246 servat
714 3191 749 3245 G.

270 3321 294 3356 r.
306 3301 368 3358 284.
387 3303 494 3360 Veneri
506 3304 555 3359 Gr.
569 3305 599 3358 P.
613 3305 697 3373 Ulit.;
717 3307 837 3360 Veneris
857 3303 948 3358 Heius.
967 3322 991 3357 c.

269 3436 293 3473 v·
302 3419 363 3476 285.
380 3421 512 3475 renuite.
521 3421 560 3475 St.
569 3421 637 3488 Gr.;
652 3424 748 3476 renuit
759 3421 789 3474 P.
802 3420 870 3476 Ulit.
886 3450 920 3464 -
933 3423 1042 3474 fundos
1053 3415 1143 3469 Heius.
1159 3415 1192 3469 ad
1205 3415 1287 3474 Orid.

336 3502 402 3558 Met.
415 3505 469 3567 lx,
484 3509 544 3564 506.
553 3535 587 3549 -
597 3507 633 3562 sa·
645 3516 750 3561 renuat
762 3507 850 3559 coitus
864 3504 933 3559 idem
948 3505 976 3558 in
989 3520 1038 3556 ora
1052 3520 1076 3557 e.

267 3636 291 3669 r·
304 3620 367 3674 286.
383 3626 522 3694 solitoque
537 3663 543 3676 .
559 3663 566 3678 .
580 3663 588 3678 .
603 3625 699 3678 labore
712 3622 748 3675 G.
762 3630 787 3674 et
801 3621 833 3673 B.

266 3739 290 3773 v·
304 3722 367 3778 287.
385 3721 445 3777 Vix
458 3728 540 3777 oneri
555 3742 615 3791 par
628 3726 719 3779 Heius.
733 3726 765 3779 ad
779 3722 859 3777 ovid.
875 3720 956 3774 Trist.
973 3719 1015 3783 ΙΙ,
1032 3721 1093 3801 69.;
1109 3721 1159 3773 via:
1171 3735 1284 3788 suppar

333 3809 416 3861 oneri
426 3810 476 3862 illa
490 3827 542 3862 suo
557 3808 627 3863 idem
641 3810 708 3883 Syll.
723 3811 808 3884 Epist.
821 3807 870 3862 IV.
883 3828 911 3880 p.
925 3806 988 3864 289.

234 3912 238 3924 ’
263 3925 287 3956 r.
303 3909 363 3963 289.
382 3929 533 3966 excernere
544 3930 651 3977 pravos
664 3913 759 3966 Burni.
777 3931 801 3966 c.
840 3988 843 3995 Ι

169 4004 175 4019 “
261 4029 284 4059 v·
300 4010 362 4065 290.
379 4014 440 4082 ipse
454 4017 487 4067 Α.
502 4013 557 4078 St.;
575 4017 654 4080 ι’ρεαι
667 4010 717 4066 Gr.
731 4011 777 4079 P.;
800 4010 939 4081 ipsiUlit.
952 4031 976 4071 e.
991 4006 1087 4065 Johns.

260 4127 283 4161 v·
296 4111 359 4167 291.
376 4130 445 4168 euos
458 4114 493 4168 G.
508 4115 555 4179 13.;
572 4115 652 4172 Mille
663 4131 732 4169 euos
746 4111 837 4168 lieins.
852 4133 876 4172 e.
