2686 4928
499 363 711 444 -100
761 378 863 423 --*

217 621 220 627 .
247 596 276 637 v.
298 574 371 638 222.
416 566 491 634 Νοιι
519 564 679 636 audemus
708 567 897 633 Burmanno
923 562 1104 650 astipulari,
1141 563 1199 648 qui

143 678 304 762 vulgatam
328 675 502 736 emendare
531 673 576 735 sic
604 669 720 734 voluit:
755 685 786 734 et
804 696 878 756 quos
899 671 1056 733 triuerel.
1101 663 1199 733 Certe

144 781 270 846 facilius
300 792 385 854 erat,
420 775 575 840 scribere:
611 797 674 859 per.
698 795 826 858 quasque
851 774 976 838 iverat.
1024 771 1090 836 Sed
1119 769 1200 855 quid

67 872 70 876 ⁴
144 881 372 990 emendatione
397 892 445 941 est
464 880 568 962 opus?
612 874 777 941 Stiuctura
793 892 837 942 est
856 879 1028 941 contortior
1044 894 1121 960 pro:
1142 892 1199 956 per

144 950 252 1057 lotebr.
267 1006 341 1068 quas
349 986 484 1055 trivero,
502 979 557 1044 sed
571 979 685 1044 eadem
699 978 894 1044 tolerabilior
908 998 962 1058 eo,
986 976 1072 1061 quod
1087 975 1200 1041 tinais

145 1089 283 1175 speeiem
301 1082 441 1171 praebet.
485 1081 611 1147 Dicitur
625 1084 714 1147 enim
728 1097 885 1166 perterere
900 1085 1047 1146 latebras.

248 1280 278 1322 v.
301 1259 375 1321 223.
419 1251 562 1318 Diluculi
586 1276 666 1339 opus
696 1268 742 1320 est
766 1254 963 1338 investigatio
986 1269 1021 1319 ut
1040 1198 1197 1343 Olympio

144 1365 321 1430 Nemesv
321 1354 424 1424 ..324
444 1357 518 1423 325.
563 1357 656 1423 Odor
676 1359 763 1422 enim
784 1380 881 1423 mane
900 1356 1025 1421 facilius
1045 1369 1197 1442 captatur,

144 1487 243 1553 quem
259 1457 426 1549 &cipetov'
405 1461 522 1544 adeptis
542 1476 635 1525 vocat
649 1460 821 1547 Oppianus
835 1444 964 1547 Cynl
979 1456 1054 1526 466.
1101 1457 1198 1543 lunge

141 1574 255 1635 autern
279 1570 368 1644 signo
389 1584 507 1646 uapore
523 1561 636 1648 serino.
685 1562 783 1644 Vide,
817 1584 899 1647 quae
926 1561 1074 1649 exempla
1099 1561 1198 1627 doctis
1239 1582 1243 1593 ’

57 1751 61 1759 ⁸
146 1666 187 1737 ab
203 1665 390 1732 homiuibus
406 1665 567 1731 cumulata
588 1680 660 1730 sunt
682 1665 725 1730 ad
746 1666 889 1750 Propert.
906 1667 965 1745 11.,
979 1664 1046 1746 31,
1071 1669 1124 1730 11.
1133 1663 1200 1730 'Si-

146 1777 291 1857 lrumque
306 1771 351 1848 1.
369 1771 421 1833 86.
442 1768 550 1849 xlv„
567 1766 640 1835 656.
685 1767 894 1854 Quamquam
917 1714 1111 1834 mirabiliter
1128 1790 1201 1834 cum

101 1946 109 1966 ,
147 1879 210 1942 hoc
225 1895 339 1960 genere
352 1871 504 1955 loquendi
519 1894 539 1936 a
559 1870 749 1956 quibusdam
770 1885 955 1959 comparata
973 1884 1046 1935 sunt
1064 1868 1201 1936 Homeri

146 1979 247 2045 verba
266 1977 303 2043 lt.
320 1975 376 2038 Vl.
394 1998 424 2036 v.
444 1973 519 2039 604.
541 1976 648 2058 τεύχεα
669 1983 775 2065 χαλκῷ
796 1971 1054 2069 cohaerentibus,
1083 1970 1202 2040 rideli-

148 2098 198 2148 cet
219 2084 325 2168 χαλκῷ
337 2079 472 2145 ποικίλα.
517 2074 741 2160 Sequentia
717 2102 761 2143 src
781 2080 1005 2164 interpretare.
1038 2074 1201 2196 vestigio·

148 2207 223 2250 rum
243 2182 299 2245 ubi
320 2181 415 2266 copia
435 2180 523 2245 adest
544 2180 643 2245 nimis
667 2179 833 2265 multiplex
854 2201 918 2263 qua
937 2176 1085 2265 turbetur
1102 2179 1199 2267 cauis,

88 2355 91 2362 ,
139 2287 272 2353 'maiore
293 2305 369 2373 gyro
392 2283 615 2365 circumvolat,
649 2283 751 2348 donec
775 2281 925 2351 exeuntia
953 2282 1044 2348 serae
1068 2268 1197 2365 vestigia

148 2380 296 2477 reperiat.
338 2388 467 2471 ltaque,
496 2387 651 2472 quoniam
672 2409 738 2450 non
760 2387 795 2451 in
814 2385 1066 2467 commovendo,
1090 2383 1144 2451 sed
1159 2382 1196 2451 iu

138 2490 361 2559 'describendo
381 2503 478 2573 poeta
498 2503 659 2569 versatur,
682 2512 746 2554 non
762 2488 913 2555 abstinuit
932 2494 995 2553 eius
1010 2487 1201 2574 pronomine

151 2596 249 2683 epicis
270 2592 438 2679 lyricisque
458 2589 651 2656 carminibus
674 2594 801 2678 pridem
821 2591 948 2679 exploso
970 2614 991 2657 a
1009 2586 1150 2656 Daciero
1169 2588 1204 2656 'el

150 2696 299 2761 Bentleio
330 2695 373 2759 ad
396 2693 506 2762 Horat.
529 2688 637 2759 Caum.
660 2696 737 2776 111,
768 2704 818 2766 11.
849 2720 879 2763 v.
902 2700 951 2761 18.
1000 2692 1099 2761 Extat
1121 2692 1205 2759 illud

144 2799 239 2887 ‚apud
257 2797 416 2866 Ovidium
435 2798 534 2863 Trisc
551 2797 628 2877 lll.,
648 2797 679 2863 4.
721 2799 855 2866 Metam.
876 2799 985 2877 Vlll.‚
1006 2799 1059 2864 16.
1086 2786 1205 2863 'Heluio

98 2965 109 2975 ,
143 2902 238 2989 ‚apud
260 2899 400 2967 eundem
431 2897 511 2966 Met.
531 2899 604 2980 lV.,
626 2901 700 2967 746.
751 2905 839 2982 lam,
865 2902 951 2986 quod
972 2919 1088 2965 verum
1106 2901 1147 2965 in
1165 2918 1204 2967 ea

48 3068 50 3073 .
153 3027 188 3071 re
210 3019 272 3086 est,
300 3004 358 3069 etsi
379 3001 569 3068 Steuberum
590 3026 656 3068 non
678 3005 740 3089 legi
757 3009 793 3071 in
815 3004 953 3070 Seebodi
973 2994 1203 3073 trieterica

157 3113 251 3175 1820.
271 3107 310 3172 Τ.
330 3105 355 3170 1.
378 3104 452 3171 lasc.
475 3106 498 3170 1.
523 3130 554 3191 p.
571 3113 638 3187 60„
666 3129 759 3174 sensu
780 3123 891 3173 tamen
911 3128 987 3172 meo
1008 3106 1128 3170 videor
1147 3114 1203 3173 ab·

142 3211 254 3294 sequi.
296 3209 382 3273 Nam
396 3211 589 3294 pronomina
602 3211 673 3290 ista,
695 3215 729 3276 si
750 3212 926 3298 pondere
947 3224 1108 3290 carent,
1129 3206 1201 3274 vul·

156 3314 223 3396 gari
238 3313 378 3377 sermoni
399 3313 608 3394 conveniunt,
636 3335 694 3378 nec
714 3329 829 3396 tamen,
844 3313 1031 3379 coniecturis
1048 3312 1202 3380 tentanda

155 3417 240 3501 apud
265 3431 391 3501 poetas,
425 3416 553 3500 quando
574 3417 609 3479 in
632 3419 764 3485 minutis
790 3416 885 3484 rebus
912 3417 1128 3482 describendis
1150 3413 1201 3481 rel

156 3519 359 3583 enucleandis
379 3535 549 3583 versantur.
592 3524 722 3605 Spatia,
743 3517 783 3589 vd
802 3527 936 3608 δρομαῖα
952 3518 1037 3617 apud
1051 3517 1200 3606 Xenoplr.

157 3621 196 3686 de
209 3642 277 3688 ven.
287 3647 335 3708 cp.
344 3621 413 3699 111,
435 3623 624 3687 curriculum
639 3626 766 3709 proprie
778 3626 813 3688 in
828 3627 912 3690 circu
928 3619 1116 3706 significant
1135 3622 1201 3691 vid.

147 3724 199 3791 -ad
210 3723 296 3807 Virg.
306 3720 422 3806 Georg.
437 3725 479 3803 1.,
496 3730 569 3790 512.
592 3723 723 3789 Silltal.
732 3728 837 3807 XVI.,
851 3732 924 3793 372.
965 3721 1018 3790 De
1032 3723 1123 3795 serae
1135 3726 1200 3791 cir·

157 3828 241 3891 cuitu
261 3830 379 3912 pariter
394 3826 488 3891 habet
500 3828 580 3892 illud
592 3827 690 3896 ovid.
704 3829 782 3896 Met.
797 3831 887 3910 Vll,
910 3831 984 3896 788.
1019 3896 1026 3909 ‚

257 4004 286 4046 r.
304 3979 378 4047 224.
422 3980 533 4065 Spatia
545 3984 708 4049 tramitem
721 4000 829 4065 vocat,
848 3984 915 4052 sire
929 4001 1091 4068 egressum
1103 3980 1199 4046 vesti·

158 4087 297 4167 giorum,
320 4086 375 4170 qui
395 4079 475 4170 πρὸς
494 4080 532 4151 td
553 4083 659 4154 εὖναῖα
679 4088 796 4176 duplex
811 4086 991 4169 essesolet3
1016 4083 1113 4165 alter,
1133 4100 1197 4169 quo
