2686 4928
511 340 836 418 ..1-173-

143 551 248 630 irata,
281 549 309 612 si
332 562 399 608 uon
419 542 592 631 explicata,
626 539 735 610 Gratii
753 541 852 608 verba
874 556 965 610 sonte
993 555 1108 609 metros
1131 552 1200 611 aust

143 667 284 731 maro
303 642 450 723 deorum,
471 636 573 732 quaa,
594 659 754 733 utcunque
769 647 872 728 tuber,
892 647 944 714 rai
966 648 1008 713 ad
1028 647 1200 731 Orionem,

143 757 187 823 vel
206 757 253 821 ad
272 753 408 838 Tityum
426 747 589 830 Latonae,
611 750 661 816 rel
682 751 723 816 ed
744 750 891 816 Ixionem
911 751 1042 816 lunonis
1061 766 1200 818 tentato-

144 880 207 926 rem
227 856 350 923 referri
369 868 508 941 possunt.
551 852 680 935 Scilicet
700 856 736 918 in
757 853 915 918 eiusmodi
934 854 1120 919 fabularum
1143 855 1200 920 ob·

149 962 290 1029 inritata
314 980 381 1024 non
402 956 479 1025 licet
497 955 689 1021 confidenter
707 957 870 1022 affirmare
887 959 1068 1043 quicquam.
1111 957 1201 1025 Nam

148 1065 284 1131 eundem
299 1061 479 1142 Orionem,
503 1074 554 1139 ut,
574 1061 653 1145 quid
668 1066 714 1125 ire
728 1060 818 1148 freta
837 1060 894 1141 sit,
922 1073 1093 1147 appareat,
1114 1083 1200 1147 pon·

145 1169 212 1231 ium
223 1167 372 1254 potuisse
385 1162 520 1251 pedibus
532 1163 669 1246 calcare,
689 1181 830 1230 auctores
844 1178 916 1229 sunt
930 1162 1042 1247 Virgil.
1054 1161 1135 1230 Aen.
1147 1165 1200 1249 ΧὋ

144 1274 221 1337 768.
236 1285 268 1335 et
279 1266 469 1354 Apollodor.
484 1267 525 1345 L,
546 1266 593 1348 4.,
617 1271 666 1331 8.:
682 1275 792 1335 τοῦτον
808 1274 922 1355 γηγενῆ
940 1269 1083 1354 λέγουσιν
1102 1264 1203 1357 ὕπερ-

152 1376 268 1458 μεγέθη
282 1366 320 1440 ni
333 1374 435 1455 σῶμα.
455 1403 502 1416 -
520 1369 698 1456 ἐδωρήσατο
714 1375 748 1438 δὲ
762 1368 847 1461 adrqi
855 1376 1017 1440 Ποσειδῶν
1035 1375 1203 1459 διαβαίνειν

153 1469 206 1556 tir
220 1477 401 1554 θιὶλασσανς
438 1472 501 1536 nisi
523 1471 601 1537 sorte
624 1474 667 1537 ad
687 1471 944 1559 Argonautarum
966 1475 1203 1560 expeditionem

152 1579 245 1644 verba
266 1579 372 1664 placet
394 1575 522 1639 reterre.
564 1578 616 1639 Ire
638 1575 727 1660 freto
758 1599 823 1643 non
849 1580 942 1643 aliter
965 1579 1204 1665 accipiendum,

146 1698 244 1769 atque
269 1680 359 1766 apud
384 1678 529 1744 Tullium
552 1679 593 1742 de
613 1676 693 1763 Fin.;
710 1681 769 1759 lt,
800 1679 851 1748 34.
875 1702 960 1743 maro
979 1683 1203 1754 ambulavisset.

145 1787 262 1869 ltaque
276 1784 397 1848 mixta
407 1785 490 1846 iuter
505 1802 539 1845 se
556 1779 715 1844 Orionem
728 1783 817 1847 vides
834 1797 928 1865 atque
943 1775 1117 1867 Gigantes,
1138 1809 1204 1850 non

148 1889 244 1975 quod
257 1898 423 1951 remores
439 1884 558 1948 fuerint
576 1904 706 1964 omnes,
727 1884 782 1949 sed
803 1884 889 1968 quod
904 1898 1000 1968 poeta
1013 1903 1051 1947 ex
1065 1889 1205 1971 antiquis

152 1990 278 2058 iabuiis
293 1985 498 2054 semidoorum
520 1986 677 2068 quosdam
694 2001 781 2052 vasto
804 2006 936 2074 corpore
950 1987 1109 2072 praeditos
1128 2015 1206 2058 ma·

156 2111 304 2180 gnosque
315 2088 432 2155 tutores
445 2089 572 2153 molitos
585 2105 753 2173 tamquam
769 2090 916 2175 exemplo
930 2091 1102 2158 induceret.
1140 2091 1206 2161 Ce-

151 2215 279 2276 terum,
302 2194 392 2260 deni
406 2193 509 2277 placet
524 2213 612 2257 versu
627 2197 681 2257 63.
697 2193 855 2258 haesitare
867 2196 903 2258 in
919 2197 1089 2260 accusativi
1104 2201 1207 2265 omis-

149 2305 241 2368 sione
255 2310 328 2384 post
340 2316 452 2359 vocem
466 2309 601 2369 tentore,
625 2295 684 2358 hoc
696 2316 840 2378 quoque,
870 2311 904 2358 ut
920 2297 1097 2381 peculiare,
1126 2324 1208 2366 cou-

157 2401 339 2468 donandum
347 2395 475 2465 Gratio.
519 2393 584 2463 Csr.
599 2418 676 2464 vers
692 2396 789 2480 544t
804 2401 873 2479 60„
894 2399 950 2464 ubi
965 2404 1136 2466 imbiberint
1150 2425 1208 2469 ac·

163 2507 297 2571 cusatiro
314 2517 411 2571 caret.

258 2733 295 2788 v.'
311 2720 365 2789 65.
387 2743 477 2808 quom
500 2740 613 2796 magna
636 2723 795 2794 mercede]
804 2721 978 2807 Perperam
994 2729 1130 2790 mercede
1149 2722 1209 2813 pro

156 2850 257 2913 poeno
276 2828 399 2910 accepit
422 2819 670 2891 Wernsdorfius.
721 2822 816 2906 Apud
835 2824 971 2891 Phaedr.
993 2827 1057 2892 fab.
1081 2831 1124 2909 1.,
1156 2832 1210 2895 17.

159 2937 234 2995 hoco
253 2950 367 2993 merces
382 2927 509 3014 fraudis
527 2948 548 2988 a
567 2932 682 3007 superis
695 2930 790 2990 datur
803 2927 873 3012 ipsa
893 2931 1049 2994 sententia
1064 2931 1153 2996 iubet
1169 2932 1211 2997 de

159 3054 258 3116 poeno
278 3035 426 3116 cogitare.
471 3029 536 3092 Sed
554 3029 615 3092 hoc
636 3029 704 3092 loco
724 3046 839 3114 quanta
859 3054 936 3095 cum
957 3031 1063 3096 ironia
1086 3048 1131 3096 est
1152 3055 1211 3118 pro

157 3139 307 3224 quantula
322 3135 454 3199 dictum.
477 3167 521 3181 —
565 3135 635 3195 Meo
651 3156 770 3196 munere
784 3133 838 3199 cfr.
851 3157 880 3200 v.
895 3137 946 3201 73.
972 3139 1046 3200 meis
1066 3139 1106 3200 ab
1126 3141 1211 3203 arti«

158 3246 221 3306 bus.
244 3271 292 3290 -··
335 3240 439 3302 Silvas
457 3237 612 3319 impulerit
630 3250 703 3299 utr.
718 3241 1040 3304 &summovebant

266 3463 297 3505 v.
319 3443 371 3504 66.
415 3434 519 3500 Affert
548 3435 695 3521 exempla
718 3460 847 3518 eorum,
880 3440 935 3524 qui
965 3462 986 3506 a
1012 3439 1091 3507 feris
1119 3442 1215 3508 occisi

160 3542 369 3619 temeritatis,
398 3541 486 3604 nulla
502 3554 568 3603 arte
587 3541 706 3620 adiuti,
737 3563 857 3626 poenas
874 3541 1011 3612 luerunt.
1055 3544 1215 3612 Adonidis

161 3646 276 3712 fabula
295 3657 371 3706 nota
394 3658 455 3722 est,
475 3643 586 3707 Bionis
600 3641 713 3729 idyllio
735 3647 858 3728 primo,
882 3644 1049 3711 Theocriti
1067 3648 1216 3715 Adonia-

162 3753 248 3816 ausis
266 3763 297 3811 et
319 3745 434 3810 Ovidii
456 3742 535 3810 Met.
556 3745 614 3827 Χ..
642 3746 796 3833 710.'seq.
819 3744 984 3814 celebrata.
1027 3755 1097 3817 Flet
1118 3756 1216 3817 adhuc

164 3870 195 3920 et
208 3875 305 3938 porro
313 3853 418 3936 flebit,
442 3847 522 3913 haec
536 3849 706 3934 respiciunt
719 3851 760 3912 ad
773 3847 913 3927 Adonia,
934 3853 1050 3920 festum
1060 3853 1217 3921 Graeciae

164 3955 338 4044 quotannis
359 3969 481 4032 actum,
504 3976 569 4038 quo
585 3954 693 4034 lugere
713 3953 851 4016 occisum
865 3952 1006 4020 Adonim
1021 3958 1132 4023 Venus
1153 3957 1217 4025 stn-

172 4059 326 4148 gebator‚
353 4058 504 4144 quodque
520 4058 588 4143 ipsa
605 4053 762 4138 instituit]
785 4056 969 4124 Wernsd.
1014 4059 1155 4127 Necatus
1173 4061 1219 4128 det
