2686 4928
435 385 520 405 ....
568 348 756 445 832-

169 570 203 617 v.
218 546 423 616 tat-tat.
466 547 574 617 Arbor
585 549 643 639 ¹illu
655 572 718 641 npn
733 551 916 636 diligentem
940 573 1049 621 curam
1063 556 1114 621 vel

67 655 290 719 tractationem
317 650 474 733 admittit,
504 675 569 741 qua
585 652 633 721 ad
660 677 756 723 usum
781 655 990 742 decoremque
1013 681 1113 726 suum

67 757 294 835 conformetur,
314 755 370 820 sed
384 755 483 849 libero
497 757 774 841 naturae3arbitrio
786 761 828 825 ad
841 758 980 841 sormam
996 763 1114 831 iustam

67 860 254 928 extenditur.
298 852 418 924 Contra
437 879 521 944 quae
540 860 626 944 apud
645 883 703 927 nos
724 863 844 948 passim
866 879 1037 931 nascuntur
1056 889 1112 933 ar-

27 1046 29 1051 ,
64 964 172 1043 bores,
193 960 299 1027 multo
313 959 422 1026 labore
436 960 602 1057 fingendae
616 979 699 1031 ιιιιιι.
740 963 880 1031 Pessime
894 973 956 1033 sint
971 991 1030 1055 pro
1043 984 1111 1034 sunt

65 1067 238 1151 legendum
251 1063 363 1130 suadet
374 1063 613 1161 Burmannus,
617 1066 757 1135 nimium
773 1082 931 1153 quantum
943 1069 1087 1157 loquax
1077 1096 1111 1137 m

64 1170 156 1234 rebus
173 1160 379 1243 tenuissimis
421 1173 539 1235 Errare
560 1169 694 1235 verbum
712 1171 752 1237 de
767 1170 881 1256 plantis
902 1177 1019 1260 passim
1039 1195 1111 1242 cre·

66 1271 224 1339 scentibus
234 1268 360 1337 videbis
374 1272 460 1356 apud
474 1260 647 1340 Maronem
662 1271 730 1363 Ecl.
744 1275 803 1340 lV.
820 1298 849 1344 v.
868 1279 919 1342 19.

171 1468 201 1510 v.
216 1450 289 1514 189.
334 1444 462 1529 Virgilii
482 1447 596 1531 optimi
619 1435 743 1515 codices
763 1463 939 1516 constanter
957 1451 1111 1536 praebent

67 1564 203 1632 genestae
219 1564 256 1614 ut
271 1544 391 1630 Georg.
406 1550 449 1614 ll.
468 1572 497 1612 ι.
513 1556 563 1616 tu.
584 1551 659 1618 434.
683 1556 781 1619 lentus
800 1550 938 1642 appellat
959 1555 1109 1639 Virgilius

62 1656 95 1720 id
109 1671 158 1720 est
160 1656 299 1740 flexiles
343 1650 517 1737 Descripsit
528 1650 567 1717 id¹
577 1677 674 1738 genus
688 1656 826 1737 fruticis,
848 1661 937 1723 cuius
956 1658 1110 1741 virgultae

59 1773 92 1823 et
109 1757 411 1825 contumacissimae
427 1771 499 1821 sunt
514 1773 544 1822 et
557 1759 591 1820 in
605 1760 675 1843 ipsa
688 1761 784 1842 stirpe
804 1773 964 1837 curvatae,
989 1757 1109 1824 Plinius

56 1861 103 1928 Ν.
118 1858 327 1936 time.
343 1864 391 1924 te.
405 1856 543 1939 XXIV,
565 1864 597 1926 9
611 1858 695 1924 conf
706 1860 817 1927 Burm.
862 1860 927 1925 Sed
941 1875 1110 1963 postquam

57 1965 289 2028 Burmannus¹
292 1961 438 2030 etrelrcur
450 1961 517 2027 fuse
539 1962 753 2049 explicarunt,
768 1958 854 2050 quod
876 1963 927 2028 vel
949 1964 1109 2031 tironibus

61 2082 183 2133 notum
203 2079 265 2148 est,
284 2086 387 2130 muros
407 2069 451 2128 ad
473 2088 549 2130 cera
567 2087 659 2152 posse
674 2070 779 2149 exire,
801 2069 881 2136 adeo
902 2066 1013 2133 fefellit
1033 2088 1107 2134 eum

58 2173 190 2260 opinio,
212 2184 247 2236 ut
258 2192 313 2236 uer
331 2169 520 2237 vocabulum
539 2171 661 2237 arboris
682 2193 836 2241 cacumen
856 2172 1032 2258 significare
1047 2192 1109 2240 au-

56 2289 209 2344 rumara.

165 2452 196 2496 v.
214 2424 289 2494 141.
339 2428 507 2490 Luxuriam
542 2426 617 2492 dicit
647 2423 849 2494 surculorum
880 2427 1106 2504 exuberantem

66 2546 253 2622 proventum
261 2516 469 2597 uicotumelt
477 2529 544 2612 lV.,
558 2536 611 2600 21.
624 2538 699 2601 uitis
711 2537 880 2612 luxuriosa,
890 2520 1105 2618 Virgssfleorg,

63 2641 104 2722 1.,
121 2641 190 2707 191.
204 2638 331 2701 lunaria
340 2632 500 2721 foliorum.

161 2815 194 2860 ι.
220 2788 294 2873 142,
335 2787 412 2875 Non
438 2789 570 2854 omnino
599 2789 657 2857 abs
679 2809 715 2854 re
744 2803 790 2854 est
817 2786 979 2874 proiecto,
995 2844 998 2849 ,
1014 2786 1103 2872 quod

57 2891 301 2985 Wemsdorfius
314 2893 390 2976 legit
402 2917 578 2975 generosam
592 2918 623 2959 se
639 2894 768 2958 dederit.
811 2891 909 2976 Quod
923 2889 1104 2977 probarem,

57 3003 125 3068 nisi
148 3000 290 3084 vulgatae
313 2999 482 3083 scripturae
503 3000 724 3064 attractionem
745 2995 928 3060 confirmari
950 3005 1105 3069 constaret
1148 3002 1154 3074 f

57 3104 197 3190 Virgilio
223 3101 304 3168 Aen.
326 3101 432 3185 VIll.‚
452 3102 526 3171 465.
547 3126 579 3168 so
607 3106 771 3169 matutinus
798 3102 918 3187 agebat.
961 3093 1103 3163 Notissi-

56 3232 151 3276 mum
170 3222 220 3274 est
239 3219 366 3289 autem,
394 3207 482 3290 quod
496 3208 639 3271 tironum
658 3225 770 3273 caussa
787 3205 826 3269 de
847 3201 1103 3291 pronuntiatione
1192 3200 1195 3205 ’

58 3312 230 3379 verborum
243 3332 391 3390 generoso
402 3316 546 3394 stirpibus
560 3331 695 3392 moneo,
718 3311 745 3373 si
757 3332 819 3374 vox
835 3307 989 3392 incipiens
1003 3326 1024 3368 a
1039 3300 1100 3369 SC.

56 3415 115 3481 SP.
131 3413 204 3498 SQ.
219 3411 284 3480 ST.
299 3414 326 3475 Z
345 3417 485 3499 sequitur
503 3416 651 3499 ultimam
675 3415 818 3479 vocalem
837 3411 984 3487 brevem,
1019 3405 1101 3470 hanc

56 3519 246 3604 produxisse
259 3519 395 3603 optimos
408 3534 527 3605 poetas,
539 3524 655 3586 utdate
666 3521 739 3596 tela,
752 3516 889 3582 scandite
902 3532 1003 3578 muros
1016 3511 1101 3598 apud
1127 3568 1131 3577 .

55 3622 231 3708 Virgilium
244 3635 277 3687 et
288 3625 404 3688 centies
419 3622 506 3689 alibi.

159 3801 193 3844 v.
216 3774 288 3844 144.
330 3781 452 3859 Stringc
473 3791 560 3842 notos
580 3783 701 3842 circum.
745 3773 859 3841 Aliena
880 3770 1009 3858 Virgilii
1028 3783 1102 3836 sunt

54 3881 155 3951 verba
178 3878 296 3965 Georg.
314 3881 355 3947 ll.
382 3904 412 3946 v.
434 3886 507 3948 368
536 3887 650 3963 stringe
677 3904 793 3964 comas,
831 3899 914 3964 quae
932 3895 1098 3963 perperam

52 3989 234 4052 intextum
257 3984 461 4052 Burmannus
484 3988 579 4052 suasit
601 3986 788 4085 inducenda.
837 3981 963 4049 Scilicet
987 3997 1100 4044 comae

52 4090 181 4161 arboris
198 4086 386 4160 nullasdum
399 4105 510 4159 nsunt.
554 4089 667 4180 Neque
688 4056 841 4160 loiinscui
847 4086 962 4211 placet
981 4083 1098 4150 nctlas.
