2686 4928
426 334 837 433 froc-

245 560 275 606 v.
293 536 365 605 626.
411 540 519 607 Tenuis
541 540 633 603 dorso
655 542 745 620 spina
765 537 800 600 in
822 534 898 600 vitio
919 532 1065 599 habetur.
1111 557 1187 601 uem

97 670 100 677 ’
141 641 238 720 aliea,
258 655 292 707 ut
306 664 326 707 a
342 642 429 724 Virg.
447 637 488 707 G.
502 641 579 720 llb,
602 645 672 723 87„
691 643 803 724 duplex
811 662 868 722 per
883 641 995 703 lambos
1007 646 1101 722 spina
1115 637 1186 702 lau-

144 745 237 809 datur
258 745 294 807 iu
311 747 417 829 equis,
447 742 654 829 Xenophonti
676 759 706 808 et
726 742 847 806 Polluci
867 733 964 825 ὀσφὺς
985 745 1085 820 διπλῆ.
1130 746 1187 809 Per

144 851 232 924 illos,
264 848 316 913 vel
341 863 469 937 propter
491 849 558 915 eius
586 848 710 930 generis
738 867 835 930 equor
865 845 1041 910 celebratus
1069 844 1186 907 admo-

146 954 225 1019 dum
241 947 351 1019 Graiis
371 964 417 1017 est
427 955 587 1032 Agragas,
616 972 710 1015 mone
725 965 755 1015 et
777 948 852 1015 urbs
867 948 1015 1027 Siciliae,
1037 947 1097 1030 qui
1111 947 1185 1013 Ma-

83 1052 86 1057 ’
144 1055 218 1121 roni
247 1051 328 1120 Aen.
363 1054 438 1134 tlt,
471 1055 545 1121 704.
588 1059 815 1134 magnanimum
849 1066 1013 1133 generator
1050 1074 1185 1137 equorum

142 1157 267 1228 dicitur.
312 1157 350 1221 ln
362 1161 466 1223 Graiis
481 1157 607 1241 respicit
620 1157 766 1226 maxime
778 1156 979 1241 Pindarum]
1000 1154 1180 1231 Werusd.

97 1289 100 1296 ·
143 1258 236 1328 Pind.
251 1259 382 1347 Olymp.
400 1261 457 1327 ill.
471 1287 501 1327 v.
516 1266 547 1326 2.
571 1255 688 1329 κλεινὰν
704 1258 906 1348 Ἀκράγαντα.

249 1415 279 1461 v.
295 1393 368 1461 628.
411 1396 583 1472 Nebrodes,
604 1416 697 1458 mons
713 1393 852 1473 Siciliae,
874 1415 894 1457 a
910 1393 1087 1458 damarum
1102 1390 1189 1475 oopia

49 1510 52 1516 ’
145 1513 290 1579 vocatus,
312 1501 351 1565 de
364 1520 430 1584 quo
446 1498 562 1564 Strabo
574 1496 627 1562 lib.
638 1498 710 1585 vt]
725 1497 912 1563 Wernsd.
954 1496 1070 1561 Priore
1086 1516 1191 1560 versu:

143 1615 288 1688 artaeque
311 1601 403 1688 serae
431 1604 553 1688 scripsit
574 1600 792 1668 Heinsiusfad
816 1599 873 1666 Sil.
897 1601 963 1665 Ital.
986 1597 1096 1678 XIV„
1123 1601 1194 1664 236.

146 1705 235 1772 nulla
257 1710 442 1773 necessitate
469 1720 600 1772 coactus.
650 1704 788 1790 Liquere
809 1705 897 1768 enim
918 1702 1110 1771 Nebrodem
1132 1703 1195 1766 sive

142 1807 255 1895 ‚pulsae
267 1811 332 1874 sive
347 1809 476 1875 occisae.
515 1808 703 1895 Utrumque
715 1813 816 1872 vietae
829 1807 965 1872 verbum
981 1806 1152 1892 siguificat.

247 1964 277 2006 v.
292 1944 364 2009 628.
409 1947 437 2008 0
459 1958 603 2028 quantus,
633 1963 732 2026 quarn
754 1944 937 2009 exercitatus
958 1956 988 2005 et
1003 1939 1138 2005 celebris
1153 1955 1197 2006 est

147 2048 201 2111 ille
221 2043 361 2128 Agragas
381 2046 430 2108 vel
449 2045 617 2110 Nebrodes
637 2050 668 2106 in
689 2051 783 2109 armis
804 2052 891 2127 mels,
921 2044 952 2112 h.
975 2059 1113 2127 venatu,
1137 2044 1194 2108 ubi

147 2149 266 2231 eximia
280 2161 353 2210 sunt
363 2153 527 2231 pecuaria,
550 2168 631 2230 quae
643 2152 755 2213 dociles
770 2149 811 2212 ad
828 2164 975 2213 venatum
984 2149 1096 2233 foetas,
1116 2148 1195 2233 pul-

146 2249 210 2328 tos,
232 2247 397 2337 sufficient,
418 2251 625 2338 praebebunt.
668 2253 708 2316 V.
729 2253 840 2337 Virgil.
856 2250 897 2318 G.
922 2251 1000 2331 Ill,
1020 2250 1069 2317 66.
1112 2254 1189 2336 Qur's

146 2358 244 2429 ausit,
264 2354 314 2418 vel
330 2354 447 2420 audeat
459 2359 637 2420 contendere
650 2370 768 2433 contra,
793 2355 933 2421 conferre
949 2378 1022 2419 cum
1034 2355 1079 2420 eir
1089 2374 1187 2438 equoe

149 2459 301 2539 Chaonias
318 2458 368 2521 vel
386 2457 580 2543 Epiroticas,
607 2460 721 2543 quibus
742 2459 864 2525 Achaia
885 2460 1017 2524 inludis
1035 2459 1100 2523 suis
1118 2457 1193 2544 pal·

40 2584 43 2590 ’
147 2583 220 2625 mee
238 2576 268 2625 et
283 2563 428 2624 victorias
447 2562 575 2640 tribuit,
597 2584 676 2646 ques
695 2565 748 2627 vix
769 2578 964 2628 meruerunt.
1007 2561 1068 2626 Hie
1090 2561 1195 2628 verbis

87 2661 89 2667 ’
147 2679 243 2748 poeta
264 2663 387 2754 videtur
414 2661 529 2730 Siculis
555 2667 878 2752 equinprinciparum
906 2669 941 2730 in
965 2666 1115 2732 venando
1137 2666 1196 2730 de-

146 2766 256 2852 ferre]
278 2765 465 2836 Wernsd.

121 2944 123 2948 ι
251 2922 281 2964 v.
305 2903 379 2966 682.
421 2904 583 2983 spadices,
612 2902 685 2984 equi
712 2899 881 2986 phoenicei
912 2903 1026 2966 coloris
1051 2899 1112 2983 (de
1134 2921 1196 2986 quo

150 2999 233 3071 Geli.
255 3001 314 3082 11.,
335 3007 421 3083 26),
481 3005 570 3066 ellaer'
593 3005 739 3086 Cerauni,
769 3006 824 3089 qui
847 3006 886 3068 de
910 3001 1060 3069 Cerauno
1086 3020 1196 3069 moute

78 3091 81 3096 ¹
149 3105 374 3184 Macedonico,
406 3104 456 3168 vel
483 3127 522 3170 ex
549 3106 619 3190 ipsa
642 3105 834 3170 Macedonia
863 3123 951 3187 sunt,
979 3123 1012 3173 et
1034 3114 1190 3190 pecuaria,

150 3229 232 3292 quae
252 3231 393 3287 magnum
415 3210 504 3272 decus
525 3210 659 3289 Cyrrhae
687 3214 759 3285 tibi,
795 3213 925 3285 Phoebe,
959 3215 1089 3274 devotae
1114 3225 1190 3276 sunt.

145 3309 180 3375 h.
195 3330 223 3375 e.
238 3311 312 3394 equi
325 3307 516 3393 Phocenses,
536 3318 590 3376 vix
603 3316 726 3379 valuere
746 3328 868 3377 nostras
882 3328 982 3378 tensas
996 3339 1046 3394 ag.
1066 3321 1099 3378 in
1115 3340 1192 3380 sarr.

136 3408 201 3477 ¹vix
224 3412 332 3481 idonei
352 3428 426 3478 sunt
445 3414 640 3480 exercendae
661 3420 831 3483 venationi.
879 3420 992 3482 Tensae
1014 3434 1086 3483 sunt
1108 3440 1196 3484 sacra

149 3517 305 3583 vehicula.
350 3515 397 3581 Ut
414 3541 504 3583 saera
527 3533 557 3583 et
576 3527 719 3600 mysteria
737 3542 831 3604 saepe
845 3545 902 3607 pro
916 3522 1041 3587 arcanis
1059 3525 1198 3588 interio-

148 3621 235 3685 ribus
249 3621 365 3684 artium
380 3637 558 3706 ponuntur,
578 3623 624 3686 ita
639 3637 670 3688 et
682 3628 823 3686 sacraria
836 3639 963 3709 possunt
979 3628 1198 3708 quemadmo-

50 3725 52 3729 ’
149 3723 279 3788 dumet
302 3726 408 3806 adyta.
450 3725 582 3807 Proprie
600 3723 689 3811 Virg.
713 3723 754 3791 G.
776 3727 851 3807 tlt,
872 3727 947 3795 533.
969 3728 1065 3794 dixit:
1088 3734 1199 3798 ductos

149 3830 219 3895 alta
230 3830 274 3893 ad
290 3830 422 3893 donaria
435 3835 565 3902 currus]
585 3823 770 3894 Wernsd.

252 3987 280 4030 v.
294 3957 497 4055 535.-5540.
547 3962 673 4026 Venami
695 3967 798 4030 melias
811 3980 928 4048 pugnat
948 3970 1042 4033 color.
1079 3971 1199 4032 ll'iaeus

150 4092 181 4148 p.
202 4091 227 4131 c.
254 4066 392 4131 malebat
416 4062 541 4130 Ulitius.
592 4065 682 4151 Quid
709 4073 748 4136 sit
775 4084 890 4157 pugnat
920 4075 1023 4152 color,
1057 4074 1201 4139 omniuo
