2686 4928
395 341 850 431 *er-201·-

148 541 283 609 indulrit
299 539 473 639 1181444144,
485 564 576 619 „cum
597 543 762 613 scriberetz
787 551 890 630 tortu,
917 545 993 630 quia
1011 546 1128 623 seilicet
1142 546 1195 627 lar

140 646 323 713 torrebant.
366 643 406 709 ld
426 645 511 731 quod
530 645 779 730 neBunnauno
806 648 938 734 quidem
961 649 1103 735 placuit,
1128 648 1195 729 Pa·
1309 654 1313 659 '

140 765 241 822 ‚uem
243 750 340 833 igitur
355 748 462 817 denuo
477 747 567 812 iubet
582 751 715 817 miscere
729 751 809 815 lacte
822 767 976 818 concreto.

259 878 376 948 4.·184.
404 882 517 945 libera
537 884 628 945 colia.
664 879 769 946 Canes
787 897 990 949 consuescant
1002 882 1090 948 colla
1102 882 1196 967 ligari

156 1000 198 1046 ao
219 982 308 1049 domi
337 980 473 1050 claudi.
501 985 586 1050 Hinc
613 999 675 1065 est,
710 987 804 1070 quod
821 966 1032 1059 liurmaanus
1063 985 1197 1052 Douzae

152 1084 371 1175 scripturam
366 1089 532 1152 sustentari
559 1103 650 1173 putat
675 1090 762 1175 apud
797 1086 1042 1154 0414141411
1074 1090 1197 1159 v.41.:
1231 1088 1234 1094 ’

147 1190 237 1255 Dum
249 1190 331 1259 aare
342 1202 373 1269 si
390 1191 497 1265 eollo
516 1198 629 1274 passim
644 1207 730 1276 potes
750 1196 795 1255 ire
807 1195 922 1272 48144144,
941 1192 1075 1277 vulgatis
1089 1191 1196 1257 libris:

151 1293 296 1387 loris-
317 1292 424 1356 solatis
443 1295 677 1381 praebentibus.
717 1294 804 1361 istud
823 1295 956 1381 quidem
977 1317 1016 1364 ex
1036 1298 1194 1383 iuterpre-

150 1382 304 1463 lamento
314 1386 432 1505 11814444

257 1549 287 1592 r.
304 1492 391 1605 485.
419 1528 519 1595 Plane
538 1530 706 1616 expressit,
728 1531 814 1615 quod
832 1526 1073 1597 Weritsdorfius
1089 1553 1195 1597 anno-

146 1645 213 1713 tat,
248 1628 423 1714 Virgilium
445 1629 643 1717 Georglll.
670 1637 813 1700 r.167.·
844 1662 889 1689 -ι-
918 1641 968 1698 ubi
991 1638 1090 1701 libera
1113 1640 1217 1702 colla·

147 1738 285 1801 Seruitia
304 1732 470 1810 assuerim,
496 1740 570 1818 ipsis
590 1759 606 1799 e
626 1734 779 1835 t'brqaibus
795 1740 892 1821 aptos
909 1742 1004 1818 Iunge
1024 1760 1133 1824 pares,
1164 1756 1195 1804 et

152 1860 229 1918 coge
248 1836 378 1919 gradem
386 1835 552 1925 conferre
539 1862 691 1915 ruvereus,
710 1842 892 1927 pariterque
907 1838 1024 1905 Moreti
1038 1857 1151 1906 auctor
1163 1867 1194 1913 r

154 1934 373 2011 1884841
360 1963 447 2021 ruga,
485 1942 606 2027 inquit,
641 1959 786 2028 parentes
812 1949 895 2024 cogit
921 1944 1060 2007 lurotu
1048 1969 1194 2014 iuuencos.

154 2042 257 2155 Ergo:
275 2058 366 2127 rura,
390 2045 451 2125 uit,
473 2039 663 2119 attondent
677 2042 813 2149 modum
833 2047 1068 2180 progredientes
1081 2071 1194 2116 omnes

152 2144 278 2215 lenient
294 2147 508 2235 aequabiliter.
630 2157 634 2163 ’
996 2180 1004 2185 -

160 2352 166 2361 ,
254 2304 287 2353 v
313 2287 386 2355 186.
429 2280 552 2365 Viginti
572 2293 643 2366 post
666 2276 792 2346 menses
819 2279 861 2375 ad
881 2283 1084 2350 venationem
1108 2288 1194 2356 tenta

147 2385 376 2473 condocelacre
407 2385 534 2451 catulos.
589 2389 793 2468 reparaverit
847 2381 953 2468 Supra
978 2407 1072 2451 versu
1104 2394 1194 2456 4884

142 2516 239 2579 quum
251 2514 285 2557 se
298 2494 370 2559 bino
377 2488 530 2576 formauit
543 2486 687 2571 lampade
697 2490 821 2552 Phoebe.
835 2489 1041 2576 Reparurerit
1053 2489 1194 2575 0414118-

145 2617 233 2671 Ι44444
253 2592 330 2681 411811
349 2592 508 2658 Burthius.
556 2590 666 2676 ltaque
685 2590 742 2657 cfr.
763 2587 843 2655 Met.
867 2591 890 2658 l.
912 2614 942 2658 v.
964 2597 1031 2660 11.:
1059 2618 1112 2660 nee
1134 2621 1194 2662 non

148 2674 312 2767 crescendo
340 2697 509 2799 reparabat
536 2717 651 2758 cornua
680 2696 803 2760 Phoebe.
847 2694 913 2759 Sed
939 2698 1052 2763 vitium
1081 2701 1196 2766 residet

148 2804 306 2870 8441144844
323 2776 458 2883 vulgatis
478 2797 576 2885 libris.
617 2795 685 2877 liu,
713 2812 783 2858 octo
803 2797 965 2865 mensibus
984 2805 1100 2867 exactis
1121 2824 1195 2876 cur-

151 2904 325 2977 ro’oorandi
342 2903 411 2966 cibo
425 2914 506 2979 sunt,
526 2921 563 2965 ac
578 2896 698 2981 ligandi
711 2898 948 2985 claudendique.
993 2902 1103 2969 Tum
1092 2921 1195 2970 unter-

151 3008 334 3077 sedentibus
360 3004 528 3068 duodecim
557 3002 719 3068 mensibus
744 3004 786 3067 ad
814 3005 1017 3070 venationem
1050 3005 1195 3073 ducendi.

152 3117 264 3185 tuno?
304 3109 489 3176 Tantumne
508 3109 647 3192 spatium
666 3082 866 3170 interiectum
891 3107 1014 3196 placet?
1055 3107 1194 3176 Planum

151 3235 249 3304 atque
271 3210 476 3281 menifestum
496 3225 559 3293 est,
592 3209 794 3275 scribendum
815 3233 883 3278 esse
905 3235 989 3278 renos
1010 3235 1068 3301 pro
1093 3217 1194 3301 denos,
1215 3246 1217 3250 >

150 3317 233 3391 suni
245 3320 339 3385 unius
352 3330 479 3399 tempus
492 3329 526 3379 ut
539 3313 761 3428 expleverint,
771 3314 827 3381 ubi
839 3315 881 3382 ad
893 3314 1041 3401 officium
1053 3330 1084 3382 et
1096 3296 1195 3441 disci·

146 3426 276 3515 plinam
299 3433 458 3503 coguntur.

256 3568 287 3611 r
298 3543 456 3609 187188.
497 3537 593 3604 Brevi
608 3553 681 3609 tanc
692 3537 836 3656 primum
849 3557 951 3602 cursui
941 3498 1196 3605 'assuehcieudi

147 3662 253 3726 ’444441
269 3645 342 3725 sed,
373 3665 414 3709 ne
430 3665 523 3709 canes
544 3644 662 3708 tirones
681 3641 784 3705 nimio
800 3661 892 3704 cursa
906 3638 1095 3725 fatigentur,
1115 3666 1195 3735 par-

150 3772 230 3821 vam
256 3750 339 3834 elige
363 3745 479 3812 vallem
511 3745 562 3810 vel
590 3767 703 3828 agrum
732 3745 983 3829 circumseptum.
1032 3728 1194 3831 Exquisite

147 3858 323 3947 producere
345 3850 507 3934 usurparit
526 3846 660 3917 verbum
679 3863 789 3935 utpote
810 3849 850 3915 de
871 3850 976 3934 primo
999 3849 1195 3915 educationis
1319 3853 1322 3856 ’

152 3955 371 4043 experimento
391 3969 478 4017 extra
499 3944 687 4019 domesticos
706 3954 837 4038 parietes
853 3953 1012 4019 usitatum.
1054 3950 1193 4035 Ouidius

153 4060 238 4129 Met.
255 4059 365 4139 Vill,
392 4060 465 4125 213.
481 4057 521 4124 418
541 4078 600 4124 are
617 4071 764 4143 parente:
784 4059 863 4123 velat
882 4061 948 4123 oles
967 4059 1005 4120 ab
1025 4057 1091 4125 ado
1109 4058 1194 4140 Quae
