2686 4928
525 172 622 235 „r

483 333 829 414 ...104.....

140 538 227 604 sibus
248 539 359 605 iterato
379 557 440 603 neo
459 537 596 633 ieiunius
625 549 672 602 est
697 536 868 622 quicquam
896 534 981 600 illius
1008 532 1189 600 coniectura

142 645 229 707 illo.
274 641 340 707 Sed
360 640 403 706 ad
422 639 610 707 sententiam
628 641 736 709 redeo.
778 643 930 707 Admonet
951 640 1038 706 enim
1053 637 1190 704 verbum

143 754 251 809 utrum
279 744 369 812 carris
395 746 437 810 sit
470 766 513 812 an
542 745 718 823 venatoris,
756 743 896 808 multum
925 757 971 809 est
999 740 1190 808 dubitatum.
1228 743 1232 749 ’

143 847 250 931 Atque
269 869 383 913 canem
403 869 468 925 non
488 865 580 933 posse
600 846 748 930 intelligi,
773 848 842 930 ipsa
861 846 1087 913 sententiarum
1111 869 1191 911 con-

142 951 304 1017 uenientia
324 951 566 1018 demonstratur.
608 947 723 1035 Neque
742 953 830 1017 enim
850 964 997 1033 venator,
1025 950 1082 1016 sed
1104 951 1193 1017 canis

144 1053 278 1137 vestigia
297 1069 408 1118 notare
432 1053 569 1118 docetur.
591 1095 593 1099 ,
613 1052 673 1117 Sin
696 1068 886 1119 venatorem
909 1053 989 1119 dicis
1013 1055 1193 1123 subiectum

113 1157 115 1160 ’
147 1177 228 1237 esse,
255 1177 321 1220 uon
342 1158 449 1222 minus
465 1150 589 1222 laborat
608 1159 765 1224 sententia
785 1156 826 1223 ab
847 1154 1018 1240 ambiguae
1039 1162 1193 1228 orationis
1245 1168 1248 1179 ‘

138 1260 319 1347 pravitate,
354 1256 502 1326 subiectis
530 1257 679 1325 videlicet
698 1260 840 1348 plurium
863 1261 1037 1329 uerborum
1060 1264 1194 1332 obscure
1233 1291 1237 1298 ’

147 1363 334 1430 immutatis.
377 1360 490 1446 ltaque
503 1385 524 1428 a
537 1359 651 1429 Gratio
664 1364 816 1450 scriptum
831 1383 897 1429 esse
909 1365 1044 1430 coniicio

289 1517 313 1580 j
354 1531 399 1550 ·-
420 1520 607 1584 accessusque
628 1503 781 1586 alitusque
801 1514 921 1565 notasse
936 1498 1080 1585 serarum

251 1603 506 1678 Admonitus,
534 1610 563 1670 ei
571 1603 659 1688 sorte
674 1607 736 1670 loci
747 1627 814 1688 spes
828 1608 933 1688 prima
941 1602 1069 1692 fefellit,

251 1707 369 1771 Rarum
390 1729 482 1790 opus,
503 1710 633 1772 incubuit
653 1713 764 1791 spatiis
783 1743 829 1756 -

54 1888 59 1901 ,
148 1838 223 1906 lam
244 1841 286 1908 de
304 1841 435 1926 singulis
454 1840 623 1929 loquamur
643 1842 778 1909 relicuis.
815 1868 846 1912 v.
866 1842 941 1908 244.
967 1847 1063 1907 uersis
1083 1861 1200 1909 emen·

150 1945 238 2010 davit
249 1960 333 2011 recte
347 1944 488 2028 Uinius,
510 1963 633 2014 secutus
648 1962 694 2011 est
706 1946 956 2015 Wemsdoriius.
1000 1949 1040 2010 ln
1055 1948 1200 2032 antiquis

149 2024 386 2137 eiemplaribus
400 2049 562 2134 impressis
582 2063 666 2117 extat
684 2055 774 2143 sues,
796 2051 879 2119 unde
898 2054 970 2116 seiri
993 2050 1130 2116 coniecit
1145 2053 1200 2119 in-

148 2148 285 2217 feliciter
301 2146 396 2236 Casp.
416 2150 582 2232 Bacchius,
607 2153 629 2217 i.
649 2171 677 2222 a.
695 2167 822 2241 cryptae
841 2140 1086 2237 subterraneae]
1109 2154 1198 2223 Var-

150 2271 264 2315 ronem
285 2267 408 2323 secutus
429 2254 471 2321 R.
489 2253 529 2323 R.
551 2236 664 2338 1.{57.
708 2254 790 2342 Quis
812 2257 907 2339 igitur
929 2255 1119 2325 Burmanuo
1139 2279 1193 2335 es-

149 2357 279 2443 sentiat‚
301 2358 389 2425 cuius
401 2357 586 2422 emendatio

238 2478 409 2552 Admouet;
431 2491 460 2540 et
475 2483 502 2541 si
512 2475 599 2563 forte
612 2477 674 2541 loci
683 2499 750 2561 spes
762 2481 867 2560 primo
877 2475 993 2562 fefellit

235 2580 368 2656 (Rarum
382 2585 471 2663 opus)
490 2583 689 2644 incumbat
703 2582 872 2676 spatiis-od
887 2604 1054 2667 prospera,
1074 2600 1158 2653 ‘sese

238 2681 362 2747 Intacta
384 2682 567 2769 reserens
583 2689 686 2765 prima
703 2685 747 2780 od
763 2687 892 2763 uestigio
907 2707 993 2766 gyro.

153 2835 212 2879 nec
238 2816 281 2882 ab
304 2821 458 2887 sententia
485 2825 544 2883 nec
565 2816 606 2882 ab
626 2816 782 2904 elegantia
798 2817 912 2898 habet,
940 2841 1006 2902 quo
1030 2825 1205 2888 commen·
1246 2808 1249 2813 ⁵

155 2918 226 2981 dari
248 2923 354 3006 possit.
396 2920 488 2987 Nihil
511 2923 672 3006 prosaicae
691 2922 843 2987 orationis
872 2923 1070 2988 ieiunitatem
1101 2927 1206 3009 magis

154 3021 292 3106 redolet,
316 3046 415 3110 quam
432 3014 586 3090 illud'sese
598 3025 633 3086 in
649 3038 789 3090 extrema
810 3040 899 3110 parte
919 3048 1034 3094 versus.
1080 3028 1207 3094 Taedet

154 3137 264 3189 eutem
279 3127 474 3194 immensam
488 3127 765 3194 commentationis
778 3127 970 3210 farraginem
984 3150 1005 3192 a
1015 3128 1206 3198 Burmanno

155 3242 335 3309 congestam
352 3232 561 3318 perlustrare3
581 3249 620 3292 ex
640 3251 704 3314 qua
723 3244 862 3310 tantum,
887 3231 914 3296 si
928 3230 988 3294 Dis
1001 3230 1121 3316 placet,
1150 3234 1206 3300 di·

156 3329 290 3409 scimus,
316 3337 460 3397 admonet
480 3331 613 3396 uerbum
633 3332 729 3397 simul
747 3332 787 3398 ad
803 3335 943 3417 superius
958 3331 1046 3418 serre
1064 3357 1095 3402 v.
1116 3338 1206 3420 242..

157 3431 257 3495 simul
276 3434 317 3500 ad
336 3439 490 3501 incumbat
507 3456 537 3498 v.
557 3435 632 3500 244.
654 3435 766 3500 referri
785 3456 882 3521 posse.
899 3496 905 3507 ,
925 3434 986 3501 Ars
1003 3436 1113 3504 critica
1134 3456 1206 3508 tam

157 3530 268 3599 leviter
287 3536 429 3604 factitata
448 3536 562 3622 ecquid
586 3537 683 3601 habet
700 3538 815 3623 pretii?
830 3573 875 3589 -
903 3541 1041 3603 Incubuit
1060 3543 1207 3628 explica·

157 3650 229 3700 tum
250 3654 295 3703 est
311 3663 341 3704 v.
353 3645 427 3708 227.
457 3644 510 3707 Ad
527 3642 758 3726 prosperetis.
778 3641 820 3705 ad
841 3662 1023 3727 prosperum
1045 3650 1225 3728 eventum,'

159 3743 281 3804 intacto
307 3765 393 3823 gyro.
445 3742 520 3809 Non
549 3759 622 3812 ante
651 3744 793 3828 calcato]
832 3744 963 3811 lohns.
1005 3744 1206 3817 Rectissime.

160 3843 246 3928 Ergo
268 3845 331 3910 alio
350 3868 441 3932 gyro,
462 3861 497 3911 ut
516 3848 619 3932 inquit
638 3847 808 3924 Wernsd.,
836 3868 934 3928 quem
959 3847 1111 3915 hactenus
1137 3875 1206 3917 nou

162 3947 322 4030 attigerat,
349 3949 464 4013 eadem
484 3948 554 4015 loca
574 3951 699 4030 lustrat,
725 3965 756 4014 et
780 3949 821 4012 ad
838 3952 945 4033 prima
962 3953 1092 4034 vestigia
1114 3955 1206 4019 redit.

161 4049 200 4115 V.
225 4050 298 4118 245.
323 4051 464 4147 nimium
495 4069 654 4137 quantum
682 4051 760 4119 olim
790 4049 903 4120 offensi
926 4069 996 4120 sunt
1021 4056 1205 4142 interpretes
