2686 4928
507 311 831 388 ..-7o....

144 513 265 600 posita,
284 522 320 574 ut
333 510 546 596 apuu-Horat.
563 512 664 599 Epist.
676 515 721 595 l.‚
741 516 785 597 7.,
808 519 860 583 39.
882 513 1024 602 Propert.
1038 516 1076 595 1.,
1097 515 1141 595 6.,
1162 520 1194 584 7.

142 615 251 702 Atque
269 612 351 680 adeo
364 617 524 701 regimine
537 617 631 683 verbi
642 619 853 703 grammatino
868 635 954 686 caret
972 619 1027 683 illa
1041 617 1194 684 Cornelio

141 721 225 811 Nep.
246 718 388 786 Hannib.
410 743 437 789 c.
459 725 490 788 8.
520 729 648 787 accessit
675 721 818 808 Africam
845 758 891 774 -
919 728 946 786 si
968 720 1053 808 sorte
1080 737 1192 807 posset.

140 824 304 912 Exempla
323 839 507 893 coacervata
528 825 627 892 habes
649 847 670 891 a
691 826 860 893 Veclrnero
884 824 967 892 Hell.
992 850 1023 914 p.
1045 825 1121 892 424.
1144 827 1192 894 ed.

139 931 295 1014 lleusing.
393 982 412 995 .,
449 942 459 998 1

245 1107 275 1150 v.
295 1069 350 1151 75.
390 1082 508 1169 Incipit
530 1102 624 1165 agere
654 1084 695 1149 de
723 1084 862 1169 pinnatis
885 1080 1109 1164 conficiendis,
1142 1081 1196 1165 vel

141 1179 337 1268 ¹tormidine,
366 1207 466 1271 quam
488 1187 612 1273 plenius
633 1187 784 1254 describit
797 1187 926 1252 Nemes.
945 1209 975 1248 v.
990 1189 1065 1251 303.
1079 1207 1146 1271 seq.
1162 1200 1190 1251 et

142 1275 426 1362 eoni'l’tittershus.
444 1290 486 1354 ad
500 1289 642 1378 Oppian.
658 1286 737 1378 Cyn.
752 1294 794 1369 l.,
816 1294 890 1358 337.
935 1292 1011 1352 Sunt
1028 1291 1134 1373 quidus
1148 1303 1190 1354 est

139 1382 223 1464 lenis
240 1394 356 1460 modus
375 1393 618 1480 praecipiendi]
640 1393 829 1460 Wernsd.
881 1395 1109 1469 Formidinem,
1139 1392 1189 1458 str-

138 1510 220 1568 'nein
244 1497 405 1584 capiendis
427 1495 506 1562 feris
531 1518 723 1582 expansum,
756 1499 917 1582 descripsit
942 1495 1095 1581 Virgilius
1113 1495 1189 1562 Aen.

140 1608 236 1684 Xll.,
264 1582 339 1668 747.
362 1621 429 1685 sqq.
472 1600 659 1665 Pendebant
687 1622 725 1666 ex
751 1601 808 1668 illa
834 1602 966 1689 plumae
987 1600 1188 1668 versicolores

140 1708 237 1777 variis
253 1706 294 1771 ab
308 1703 439 1784 avibus,
459 1724 520 1767 nec
535 1725 601 1767 non
616 1704 848 1783 tintinnabula,
871 1706 985 1789 quibus
999 1703 1188 1799 imprqden7

141 1831 191 1881 tes
211 1811 347 1889 bestiae,
376 1808 460 1873 cervi
480 1812 640 1889 maxime,
662 1811 893 1897 deciperentur.
936 1808 1022 1874 Vide
1036 1796 1190 1876 Vossium

141 1918 185 1984 ad
200 1916 289 1998 Virg.
312 1909 431 1993 Georg.
454 1912 514 1976 111.
536 1934 568 1996 p.
587 1916 661 1979 623.
703 1913 808 1979 Docet
826 1913 924 1995 igitur
942 1909 1190 1994 nuncJGratius,

135 2017 182 2090 'ex
194 2038 332 2106 quarum
348 2015 458 2078 avium
472 2014 585 2097 pennis
598 2013 654 2079 fiat
669 2015 820 2084 formido.
864 2020 990 2082 Plumae
1003 2021 1190 2082 instrumen-

139 2139 207 2190 tum
228 2122 327 2204 operis
342 2115 417 2202 suit.
460 2113 641 2197 Notamus,
668 2118 894 2183 Burmannum
916 2119 1063 2204 sequuti,
1094 2141 1188 2206 genus

141 2221 353 2305 attractionis,
378 2241 460 2304 quo,
480 2220 580 2310 metri¹
594 2220 741 2287 videlicet
755 2245 791 2288 ac
806 2239 979 2289 structurae
998 2224 1185 2302 necessitate,

142 2330 223 2398 alius
251 2324 381 2413 ponitur
409 2322 499 2387 verbi
527 2344 694 2411 numerus,
731 2343 824 2412 atque
853 2343 898 2392 est
924 2330 959 2390 in
986 2324 1182 2393 substantivo.

16 2467 19 2474 .
133 2436 274 2514 ‘Sanguis
300 2429 561 2512 eratleerimae,
599 2428 704 2514 inquit
726 2431 866 2496 Ovidius
889 2431 963 2496 Am.
985 2430 1027 2512 1.,
1059 2434 1108 2512 6.,
1136 2430 1185 2493 60.

142 2542 203 2604 Sed
229 2549 332 2596 temen
351 2529 499 2591 emdodus
525 2550 631 2594 versae
658 2533 772 2598 solatia
793 2534 919 2621 formae
949 2538 1068 2618 Magna
1097 2557 1187 2620 nepos

135 2642 247 2729 fueret
266 2633 403 2700 Metam.
421 2629 496 2710 lV.,
519 2629 594 2698 604.

245 2813 275 2857 v.
289 2794 341 2858 76.
377 2785 543 2872 facultas]
558 2785 790 2856 Adiumentum
808 2795 992 2861 venationis,

244 2971 274 3012 v.
281 2948 340 3011 77.
391 2943 510 3009 Vellera
521 2945 637 3028 poetis,
659 2915 869 3031 quodcunque
882 2949 1019 3012 mollitie
1034 2961 1066 3011 et
1081 2945 1185 3012 colore

140 3044 261 3126 sirnilia
273 3050 366 3113 lanae
378 3063 458 3113 sunt.
503 3046 614 3133 ltaque
627 3049 759 3134 plumae
773 3052 896 3134 vulsae,
907 3052 1188 3138 ,quandoquidem

140 3159 243 3225 vellus
268 3152 493 3216 mollissimum
517 3164 547 3214 et
568 3154 788 3218 tenuissimum
813 3179 912 3239 genus
933 3157 1043 3237 lanae,
1080 3169 1116 3219 ut
1132 3171 1187 3239 'ap

141 3260 239 3330 Ovid.
268 3254 349 3320 Met.
381 3253 431 3319 Vl.
459 3277 488 3319 v.
517 3260 567 3320 21.
622 3255 795 3342 Restringit
834 3262 1023 3327 sententiam
1057 3272 1188 3331 tantum,

140 3365 246 3455 prouti
267 3380 360 3426 versu
381 3355 432 3423 50.
461 3376 463 3382 ⁴

96 3522 129 3590 ’.
243 3554 273 3597 v.
300 3534 353 3598 78.
399 3531 580 3603 Coruseant,
618 3528 680 3594 hue
715 3529 789 3594 illuc
821 3532 955 3596 vibrant.
1007 3527 1092 3593 Satis
1123 3546 1187 3594 esse

26 3638 31 3650 ‘
140 3635 307 3727 praesidii,
337 3635 398 3712 ait,
423 3636 458 3696 in
480 3632 629 3717 pinnato,
655 3633 681 3697 si
706 3653 744 3696 ex
764 3635 895 3700 vulturis
918 3650 948 3698 et
970 3633 1062 3719 cygni
1082 3631 1187 3716 pinnis

140 3739 343 3808 ooniunctum
369 3737 427 3813 sit,
460 3736 536 3817 quia
559 3735 652 3820 cygni
677 3735 806 3819 plumae
826 3739 909 3802 clare
930 3736 1088 3820 longeque
1107 3757 1186 3800 oon-

140 3843 314 3932 spiciuntur
334 3838 375 3900 ob
398 3837 584 3916 eandorem,
615 3838 755 3904 vultures
778 3842 869 3925 longe
893 3832 1041 3924 spargunt
1068 3855 1186 3903 tetrum

141 3952 291 4024 odorem,
321 3962 423 4024 eoque
449 3939 532 4006 ieras
552 3940 688 4006 turbant.
735 3942 826 4006 idern
847 3945 999 4026 significat
1019 3965 1110 4008 versu
1134 3943 1184 4006 81.

140 4056 233 4118 eluro
253 4062 284 4117 et
302 4050 423 4129 pinguls
440 4043 575 4130 pluma]
595 4045 796 4114 Wernsd.
815 4047 942 4114 Poterat
954 4048 1113 4114 abstinere
1130 4065 1185 4111 sue
