2686 4928
123 919 604 1140 itritaeramtaa
642 1052 776 1129 uuo
817 1050 897 1127 ut
936 1050 1235 1139 sucurre

123 1209 196 1378 r„
228 1200 583 1336 ,nunssrauo
611 1200 810 1280 vutoo
835 1202 1178 1282 asmenara.

123 1433 205 1618 Η
493 1427 866 1518 ,........„

123 1655 148 1760 5
703 1638 730 1713 Ι.

181 1745 272 1873 Et
283 1792 481 1892 Turnum,
506 1792 640 1869 Romae
656 1816 762 1883 quem
777 1817 874 1864 nnnc
888 1791 1035 1867 vocitare
1049 1795 1217 1873 Taraeem

191 1920 418 2029 Coeperant,
437 1928 548 2006 auum
561 1948 612 2003 est
625 1926 740 2002 multo
754 1925 971 2025 sttdtissima3
993 1952 1145 2027 namque

197 2061 297 2136 Cum
309 2056 442 2161 pedicas
456 2060 546 2137 necti
561 2057 627 2132 sibi
641 2058 921 2161 contemplarer-it
939 2081 1064 2158 astans,

184 2173 380 2270 Itnmemor
391 2190 468 2295 ipse
481 2193 538 2267 sni
552 2192 717 2267 tamenin
733 2192 913 2293 dispendia
927 2196 1049 2268 currit:

129 2337 154 2410 6
180 2326 248 2403 Tu
267 2352 369 2419 vere,
396 2325 566 2400 adductos
581 2323 696 2418 laquei
711 2351 794 2396 omn
808 2323 951 2397 senseris
966 2327 1079 2416 ‹rr-bes,

193 2456 405 2559 Appropera
425 2479 459 2533 et
478 2457 644 2559 praedam
657 2455 779 2557 pennis
793 2456 1036 2558 crepitantibus
1051 2457 1157 2535 auser.

191 2586 285 2666 Nam
299 2590 392 2665 celer
406 2588 563 2690 oppressi
580 2587 714 2663 fallacia
726 2587 864 2665 vintarla
876 2590 957 2666 colli

186 2719 327 2799 Excutit
345 2742 379 2797 et
399 2748 504 2797 rauca
519 2724 708 2797 subsannat
720 2748 805 2797 voce
819 2721 971 2821 magistri

189 2852 405 2951 Consilium,
429 2874 468 2929 et
478 2857 565 2929 laeta
579 2852 704 2929 fruitur
715 2850 784 2925 iam
799 2881 884 2956 paee
901 2855 1048 2927 solutus.

123 3000 166 3066 [0
189 2983 263 3062 Hic
272 3013 387 3089 prope
401 2984 594 3062 Pontimun
609 3007 642 3059 et
654 2985 825 3059 radicibus
838 2982 1014 3081 Apennini

188 3114 370 3211 Militat,
397 3117 525 3219 patulis
546 3147 616 3213 qua
631 3146 668 3192 se
682 3122 736 3193 sol
751 3116 868 3193 obiicit
881 3114 986 3217 agris:

154 3307 159 3318 .
185 3247 378 3326 Persimilis
392 3248 498 3328 cineri
511 3250 676 3344 dorsum,
700 3253 947 3345 maculosaque
961 3270 1056 3345 terga

148 3393 155 3434 ²
185 3377 358 3457 Infidunt
370 3385 489 3484 pullae
503 3382 693 3459 decubantis
708 3381 856 3482 imagine
871 3402 1000 3481 gratiae.

123 3525 126 3550 '
187 3512 364 3615 Tarpeiae
377 3536 429 3590 est
442 3538 559 3591 eustos
575 3514 661 3589 areis
676 3543 749 3589 non
762 3541 908 3614 corporo
919 3511 1039 3603 nmior,

123 3658 162 3727 tt
188 3643 273 3723 Nec
286 3644 395 3741 quite
408 3652 566 3725 volueres
584 3647 718 3740 docuit,
743 3646 943 3738 Palamede,
966 3646 1105 3742 figuras,

189 3778 307 3873 Saepe
321 3806 387 3880 ego
401 3800 582 3856 nutantem
594 3782 661 3853 snb
676 3778 797 3874 iniquo
814 3779 969 3879 pondere
984 3774 1055 3851 ridi

190 3907 396 3987 Mezenomi
411 3940 563 4014 puerum
576 3968 587 4010 ‚
612 3934 727 4014 portat
742 3940 825 3986 cum
841 3906 986 4012 prandia
1001 3906 1101 3997 timo,

151 4119 171 4128 -
189 4040 300 4146 ssuae
319 4045 455 4123 consul
472 4046 653 4122 Praetorve
667 4070 780 4120 novus
795 4037 985 4119 cotrsnnxit
996 4034 1120 4112 ovanti.
