2686 4928
503 404 589 424 -·
641 365 722 444 tua·
763 410 848 424 —-

142 572 234 639 aeris
254 568 421 635 observari
441 568 529 633 docet
552 568 727 655 spanhem.
752 570 794 633 ad
816 570 846 635 h.
870 570 890 636 l.
934 568 1091 636 Tunicam
1111 570 1199 639 enim

143 676 198 740 vel
212 680 332 759 χιτῶνα
352 672 395 739 ad
410 693 513 756 genua
531 690 632 756 tuque
647 674 838 738 succinctam
854 671 961 738 lliana
983 692 1003 737 a
1019 688 1110 759 patre
1124 676 1202 742 love

146 780 247 865 petit,
267 799 336 843 non
348 777 569 863 chlamydem,
592 788 623 841 et
635 760 816 862 propium,
840 776 1061 858 quiavenandi
1074 799 1201 863 praeses

152 894 221 962 est,
252 882 380 961 natm
398 877 548 964 ’Ἄρτεμις
576 893 715 951 vocatur,
757 877 925 943 Praeterea
946 878 1109 963 Dianam,
1144 882 1204 949 ttbi

155 982 284 1071 κυνηγός
301 1008 327 1051 s.
344 985 533 1069 ἐλαφηβόλος
552 982 715 1067 pingatur,
736 1002 901 1067 nunquam
917 980 1084 1069 chlamyde
1105 986 1204 1051 indu-

156 1100 226 1153 tam
241 1108 420 1175 apparere,
452 1085 506 1152 sed
533 1085 601 1151 sola
625 1088 749 1167 tunica,
786 1106 887 1170 eaque
909 1086 952 1150 ad
975 1106 1079 1169 genua
1103 1108 1203 1173 usque

152 1188 323 1257 substricta
336 1190 455 1277 duplici
476 1191 595 1268 cinctu,
623 1210 697 1253 cum
717 1205 827 1254 contra
842 1188 949 1255 Iliana
970 1192 1137 1279 φωσφόρος
1149 1192 1203 1257 vel

154 1297 309 1381 δᾳδοῦχος
334 1294 477 1359 tunicam
506 1292 548 1357 ad
574 1290 654 1358 talos
684 1292 878 1358 defluentem
904 1293 1064 1361 haberett‘
1113 1296 1203 1361 Haec

157 1396 281 1482 partim
295 1416 370 1463 vera
382 1412 471 1480 sunt,
497 1398 614 1482 partim
633 1395 723 1460 salsa.
764 1395 808 1459 Et
828 1396 945 1463 salsum
967 1400 1099 1483 quidem
1123 1401 1202 1466 illttd

159 1498 338 1583 imprimit,
368 1500 456 1586 quod
476 1501 537 1574 ait.
569 1519 676 1565 carere
703 1501 839 1595 omnipo
867 1499 1034 1589 chlamyde
1061 1504 1205 1571 Dianam

158 1602 306 1689 aurardo,
323 1624 424 1689 qttam
438 1617 556 1669 constat
571 1602 774 1689 chlamydem
789 1604 907 1669 habere
919 1619 1027 1671 curtae
1039 1607 1205 1673 inductam

155 1709 288 1773 tunicae
303 1708 341 1771 in
355 1729 516 1775 marmore
538 1731 557 1773 a
573 1706 772 1793 Spanhemio
786 1707 827 1768 ad
841 1705 968 1773 Callim.
982 1708 1067 1770 hl).
1082 1733 1112 1774 v.
1131 1712 1203 1778 104.

154 1810 329 1897 producto.
367 1808 479 1877 Exstat
501 1812 598 1877 etiam
613 1809 719 1873 Diana
741 1809 776 1870 in
800 1829 898 1871 numo
914 1806 1072 1874 Gordiani
1093 1814 1204 1875 iunio-

159 1914 209 1979 ris
221 1934 245 1979 a
258 1908 419 1983 Daldianis
433 1937 526 1996 cuso,
553 1914 605 1995 qui
620 1912 702 1975 inter
715 1933 829 1975 numus
843 1913 981 1978 maiores
994 1912 1206 1979 cimeliarchii

162 2002 354 2103 regiiParic.
368 2015 437 2080 tab.
452 2019 504 2081 26.
526 2029 558 2079 et
579 2015 620 2079 ab
635 2014 800 2079 Harduino
823 2017 855 2078 in
877 2039 964 2083 num.
986 2039 1059 2103 pop.
1083 2033 1113 2083 et
1136 2018 1206 2088 urb.

164 2118 277 2201 illum
296 2142 328 2205 p,
347 2124 422 2189 Ι600.
449 2120 634 2205 proponitur
656 2118 859 2207 chlamydem
888 2118 1007 2187 habens
1035 2121 1143 2188 leviter
1168 2146 1208 2192 ex

163 2224 306 2291 humeris
326 2222 497 2291 volantem.
540 2220 643 2305 Atque
666 2222 745 2287 haec
771 2226 838 2307 ipsa
860 2243 1111 2293 commemorata
1135 2244 1210 2295 sunt

158 2328 202 2394 ab
216 2326 443 2393 Wemsdorfio
463 2326 539 2390 Exc.
562 2348 592 2409 p.
610 2306 685 2391 259⁰.
730 2324 840 2408 ltaque
863 2325 903 2390 de
924 2327 1091 2415 chlamyde
1120 2331 1208 2396 nulla

163 2430 303 2521 amplius
319 2430 472 2495 dubitatio
487 2444 543 2495 est.
586 2428 657 2490 lam
673 2448 747 2492 vero
760 2429 840 2491 illud
854 2427 952 2513 liquet
966 2434 1094 2518 opinor,
1121 2434 1209 2498 sinus

166 2558 205 2605 ac
216 2536 361 2603 balteum
379 2554 444 2599 non
460 2532 501 2595 ad
516 2528 720 2618 chlamydem
739 2551 829 2617 posse
844 2534 1011 2615 pertinere.
1055 2532 1210 2621 Namque

168 2662 232 2707 tton
261 2638 363 2716 hanc,
394 2636 448 2701 aed
470 2650 581 2701 uestem
609 2634 672 2701 sive
692 2636 835 2700 tunicam
855 2660 1042 2720 purpuream
1064 2642 1212 2721 subnectit

154 2744 259 2834 fibula
269 2739 405 2826 Virgilio
418 2738 472 2805 lib.
487 2738 546 2807 tv.
560 2737 639 2803 Aen.
652 2760 680 2801 u.
697 2742 767 2804 137.
810 2736 963 2826 Chlamys
976 2758 1094 2825 antem,
1117 2748 1212 2813 breve

162 2850 410 2917 vestimentum,
431 2864 497 2907 non
519 2844 675 2906 succincta
699 2855 774 2903 erat.
817 2838 905 2922 Quid
925 2842 1042 2925 igitur?
1082 2846 1213 2937 Nempe

168 2950 250 3038 quid
266 2968 378 3014 rerum
394 2948 481 3030 apud
500 2944 691 3032 Olympium
710 2944 767 3024 sit,
797 2942 889 3008 facile
907 2959 1008 3028 potest
1030 2950 1069 3012 e'x
1089 2970 1125 3014 re
1141 2954 1213 3037 ipsa

171 3052 316 3143 perspici.
361 3048 562 3135 Cor-rugcsquc
581 3053 661 3112 sinus
681 3068 744 3109 non
772 3049 812 3111 ad
841 3047 1060 3135 chlamydem,
1094 3053 1150 3117 sed
1170 3058 1213 3121 ad

167 3158 314 3227 tunicam
327 3152 503 3234 longiorem
526 3172 556 3217 et
575 3153 757 3216 interiorem
776 3149 876 3232 refer,
902 3173 1000 3233 quam
1014 3152 1114 3220 fibula
1134 3159 1213 3224 sub-

167 3258 325 3329 nectebat.
367 3254 529 3339 Deinceps
547 3254 644 3318 verba
666 3267 777 3316 uuruto
791 3258 958 3365 subteming
971 3234 1037 3320 lusu
1051 3263 1213 3330 verissime

169 3362 331 3452 explicata
351 3373 422 3424 sunt
436 3358 477 3421 ab
489 3354 732 3435 Wernsdorfio;
760 3358 867 3442 itaque
887 3357 955 3424 lusu
976 3363 1118 3444 quodam
1138 3367 1214 3431 artis

169 3470 227 3536 iila
248 3466 400 3532 deaurata
428 3463 549 3525 intexta
576 3458 724 3525 hahebat.
767 3462 877 3524 llhuus
898 3483 974 3525 auro
998 3478 1093 3529 uestes
1123 3466 1212 3555 Virg.

170 3568 279 3643 G.11.
302 3590 331 3631 v.
348 3562 422 3630 464.
445 3565 465 3631 i.
487 3586 515 3632 e.
536 3565 644 3649 pictas.
688 3563 827 3648 lleynius
848 3578 1079 3647 commemorat
1103 3572 1215 3650 ludera,

171 3682 272 3751 lusus,
301 3671 481 3743 ludibrium,
509 3668 597 3756 ὕβρις
614 3665 726 3744 verba,
756 3686 836 3751 quae
857 3654 1024 3735 arridani
1036 3654 1218 3757 'significant

171 3793 325 3845 naturam
339 3771 480 3835 imitans.
523 3769 653 3835 Planior
665 3784 710 3835 est
722 3770 853 3839 locutio:
873 3768 1047 3856 picturatus
1061 3778 1217 3843 uurt'rub-

175 3887 289 3949 tamine
307 3891 404 3941 uestes
425 3876 513 3957 Virg.
534 3874 615 3939 Aen.
637 3873 695 3939 lll.
717 3899 746 3939 v.
769 3873 840 3941 483.
884 3874 1009 3944 Aurum
1031 3876 1127 3965 igitur
1152 3890 1219 3948 erut

176 3984 344 4051 intertum.
389 3979 473 4042 ltine
493 3992 593 4062 patet,
630 3994 782 4062 quantum
807 3979 1020 4064 spanhemius
1044 3984 1150 4071 lapsus
1176 3987 1217 4051 sit

178 4086 223 4156 ad
236 4084 366 4154 Gallim.
385 4083 415 4146 h.
430 4080 471 4146 D.
487 4104 515 4149 v.
535 4087 600 4157 lh,
621 4085 678 4166 qui
695 4083 761 4163 {usu
775 4082 882 4166 legerit
895 4108 954 4169 pro
968 4078 1042 4156 lu's'a.
