2686 4928
431 372 521 399 -·--
568 332 779 413 2315-

74 551 178 615 quam
205 533 362 618 pretiosae
391 533 507 599 suerint
536 535 715 615 interdum.
743 530 923 604 auctorest
949 535 1127 601 Trebellius

73 634 181 699 Pollio
195 657 221 701 c.
234 635 370 705 xxxo.
385 638 421 702 in
439 637 538 720 Tito,v
554 641 611 703 ubi
627 640 753 707 lancem
768 655 1035 706 commemorata
1049 635 1132 703 Cal-l

73 740 193 823 pumia
223 739 377 804 donatam
405 755 532 806 centum
562 741 719 805 librarum
747 745 877 825 argenti.
930 741 1001 808 Nec
1028 761 1126 827 prae·

73 842 234 907 tereunda
262 849 420 927 paropsis,
458 846 536 911 alias
563 849 709 930 parapsis
736 847 838 926 dicta,
873 860 928 910 vas
956 846 1130 925 escarium,

74 947 160 1030 quod
176 967 295 1012 nomen
310 948 474 1012 interdum
495 971 552 1034 pro
573 947 629 1010 vili
644 946 776 1013 obsonio
792 964 984 1033 usurparunt
998 945 1126 1026 Graeci,

72 1040 205 1114 notante
230 1048 350 1117 Ursino
377 1049 525 1138 Append.
556 1051 597 1114 ad
626 1046 771 1118 Ciaccon.
797 1052 836 1115 de
859 1052 972 1116 triclin.
996 1075 1027 1135 p.
1050 1050 1123 1116 369.

73 1154 224 1238 Denique
245 1155 328 1218 inter
351 1155 525 1240 celebriora
553 1175 630 1220 vasa
658 1158 777 1221 escaria
798 1146 917 1220 eatinus
944 1169 989 1219 est
1012 1142 1123 1216 norni-

72 1257 210 1325 nandus.
253 1257 363 1322 Horat.
386 1256 451 1321 Sat.
473 1259 535 1342 11.,
558 1262 606 1337 2.,
630 1263 713 1352 89,
729 1259 817 1346 quod
834 1280 890 1322 vas
912 1255 1123 1324 ficule'fuisse

72 1373 229 1424 monstrat
250 1357 400 1426 Lubious
425 1360 467 1424 ad
487 1360 572 1449 Pers.
596 1359 662 1428 sat.
685 1361 743 1426 lv.
770 1388 802 1437 v.
826 1361 915 1441 1'11.,
940 1362 999 1444 qui
1023 1362 1123 1424 etiam

71 1466 158 1528 inter
179 1465 341 1529 immensa
361 1465 479 1528 escaria
496 1488 572 1529 eum
593 1481 754 1559 numerat.
797 1460 867 1551 ch.
879 1461 988 1551 Horat.
1005 1462 1072 1530 Sat.
1088 1462 1124 1543 L,
1157 1462 1162 1469 '

72 1574 123 1651 6.‚
146 1567 221 1638 115.
242 1567 301 1649 11.,
331 1566 378 1646 4.,
399 1570 452 1632 77.
494 1568 559 1635 Sed
578 1549 776 1644 heec'missa
790 1581 891 1634 sunto.

576 1793 608 1856 ll

181 1912 273 1975 v.l9.
317 1908 428 1973 Prima
448 1909 566 1974 hieme.
609 1909 683 1973 vid.
699 1909 796 1975 Nem.
810 1904 888 1996 Cyn.
905 1929 933 1972 v.
950 1911 1025 1972 321.
1067 1924 1120 1968 suo

77 2014 172 2074 uiridi
192 2017 304 2078 horrore
332 2013 466 2079 moleste
493 2014 614 2093 dictum
642 2026 731 2099 putat
756 2011 910 2078 Wernsd.
932 2010 1001 2097 coll.
1022 2008 1119 2074 Nem.

75 2113 153 2204 Cyn.
173 2121 248 2184 211.

174 2295 205 2341 r.
227 2275 281 2340 20.
323 2273 430 2336 Fultus
452 2276 597 2357 epicinia.
619 2293 665 2336 aa.
687 2283 792 2334 vectus
815 2290 899 2354 equo
921 2266 1003 2352 pelle
1024 2267 1118 2329 nivea

67 2380 217 2456 instrato,
240 2395 278 2438 ea
300 2371 403 2458 figura
419 2375 557 2454 dictum,
580 2393 645 2458 qua
659 2372 750 2458 Virg.
770 2369 811 2438 G.
828 2371 870 2451 1.,
890 2371 943 2436 69.
971 2369 1117 2435 Eliadum

66 2483 191 2563 palmas
221 2502 380 2562 equarum,
410 2501 469 2563 pro
501 2480 591 2563 equis
620 2476 779 2566 palmatis.
830 2474 958 2559 Nempe
982 2469 1121 2567 pellibus¹

67 2585 212 2649 serarum
232 2584 277 2645 uti
297 2605 354 2669 pro
375 2598 471 2647 strato
490 2602 647 2665 equorum
669 2579 813 2646 solebant
827 2579 997 2666 praecipue
1016 2591 1117 2637 rena-

65 2702 159 2752 tores.
204 2685 300 2770 Apud
315 2685 393 2750 Stat.
408 2685 510 2750 Theb.
526 2685 600 2765 lv„
624 2688 697 2749 272.
718 2684 978 2767 Parthenopaeus
994 2697 1115 2763 equum

67 2791 168 2856 habet
182 2793 317 2854 velatum
330 2795 468 2869 geminae
480 2786 596 2851 deiectu
611 2790 714 2864 lyncis.
743 2788 861 2848 Fulairi
873 2799 958 2863 toro,
980 2778 1116 2867 pellibus

71 2895 228 2976 dicuntur,
252 2895 307 2978 qui
319 2884 472 2956 incubant
487 2889 536 2953 vel
556 2888 703 2954 insident.
747 2882 862 2954 Claud.
876 2887 916 2949 de
930 2897 1016 2966 nupt.
1030 2881 1115 2946 Hon.

77 2995 164 3077 151„
198 2997 305 3065 Venus
329 2995 460 3059 Tritone
480 3008 589 3072 vecta,
625 2991 763 3079 pulvillis
784 2989 950 3076 purpureis
972 2986 1114 3062 instrato,

71 3105 199 3180 navigat
212 3115 293 3166 ostro
304 3098 400 3184 fulta.
440 3094 490 3164 Cf.
503 3095 643 3162 Helleni.
655 3121 686 3160 V.
699 3095 768 3181 71.]
786 3091 970 3158 Wernsd.

171 3279 203 3319 v.
217 3259 269 3324 21.
312 3256 483 3336 Scolopaa,
511 3272 607 3335 genus
629 3251 755 3330 avium,
780 3246 915 3333 gallinae
933 3261 1062 3329 corpore
1083 3254 1114 3305 et

64 3358 212 3424 moribus
248 3356 371 3435 simile,
411 3370 512 3419 rostro
544 3354 735 3442 praelongo,
779 3373 944 3437 nunquam
972 3345 1113 3412 insidens

65 3462 191 3527 arbori:
218 3459 321 3524 latinis
343 3458 517 3542 gallinago‚
539 3459 637 3523 etiam
651 3456 962 3531 rusticulavocatur‚
990 3451 1030 3514 de
1047 3469 1112 3533 qua

63 3564 206 3630 Martial.
230 3562 413 3643 Χ111.,76.
455 3565 591 3628 Facilem
612 3563 763 3645 praedam
783 3556 913 3623 Nemes.
933 3553 1014 3641 Cyn.
1037 3558 1122 3625 191.

65 3669 167 3732 dixit.
198 3669 461 3751 Paphiisaoibus,
482 3663 662 3750 columbis]
677 3662 866 3726 Wernsd.
912 3657 1111 3725 Clohristo·

63 3771 161 3837 telem
175 3769 209 3833 h.
225 3792 254 3836 a.
269 3769 342 3848 lX.,
365 3775 395 3837 8.
441 3770 592 3837 Schneid.
605 3768 671 3834 Ecl.
686 3767 781 3853 Phys.
797 3791 828 3852 p.
844 3766 895 3832 41.

169 3967 200 4009 v.
223 3948 275 4008 23.
320 3945 486 4024 Aggeribus
509 3951 633 4028 primis,
670 3957 811 4008 extrema
832 3955 920 4026 parte
940 3935 1112 4022 riparum]

65 4046 259 4112 Wernsd.
