2686 4928
502 370 850 451 -125-

140 580 291 651 ¹r'arrdnm
303 564 745 664 'e's't,³'in'qno'Burmannurn
764 562 1153 666 etiam²video³lsaeslsse,
1176 598 1198 643 a

142 684 348 775 quibusdam
365 686 499 748 omnibus
512 690 609 747 armis
621 704 678 769 pro
692 684 800 749 dativo
815 683 933 767 accipi,
944 688 1033 768 ·ttpto'
1039 670 1081 746 dr
1092 680 1198 767 sortus

142 788 324 866 vocabulo,
350 788 440 871 quasi
462 802 541 851 esset
562 787 659 852 illud:
689 803 780 852 natus
802 791 976 851 aidoneus
993 792 1103 850 ortuis.
1146 784 1200 853 Ea

144 906 224 961 vet-o
249 892 404 977 quoniam
428 904 475 955 est
497 892 609 956 inuata
634 890 792 974 quaedam
818 891 931 969 virtus,
964 888 1221 973 i'mperttndi¹

146 976 248 1067 raddb
267 994 426 1082 'postulari
448 995 566 1077 nequit.
609 992 728 1057 Melius
748 992 990 1058 Wemsdorfius
1008 991 1115 1077 factus
1139 1016 1200 1060 ex-

146 1102 261 1191 plicat:
289 1112 439 1184 parolus,
459 1103 635 1180 instructus,
665 1112 699 1161 ut
719 1093 785 1161 Cic.
805 1097 847 1161 ad
860 1097 923 1163 Au.
937 1096 994 1174 ΙΙ.,
1017 1084 1072 1161 24.
1093 1100 1128 1161 ul
1148 1090 1201 1185 qui

146 1208 222 1271 illuc
235 1202 345 1288 sactus
366 1206 584 1287 instructusque
604 1206 740 1265 venusct.
780 1201 867 1285 Ergo
895 1200 1100 1287 reprehendit
1127 1204 1200 1271 iure

150 1324 211 1375 suu
226 1305 371 1392 ldeyuius
391 1304 434 1369 ad
459 1304 577 1371 Tibull.
601 1305 654 1369 lib.
674 1306 729 1383 ΙΙ.,
752 1309 799 1385 6.,
825 1310 874 1373 10.
902 1304 1098 1387 Mutuum,
1112 1306 1201 1391 quod

154 1412 304 1497 receperit
325 1408 533 1492 scripturam:
568 1414 693 1473 etmihi
716 1413 906 1490 gratatubu
926 1424 983 1475 cst.
1009 1408 1133 1477 Nam:
1168 1424 1202 1477 st

155 1519 228 1583 tnt'lu'
237 1512 332 1601 sactu
352 1516 426 1577 tuba
445 1527 489 1577 cst
516 1511 689 1596 significat:
718 1521 813 1579 estin
835 1526 982 1598 promptu
1001 1519 1085 1591 milri.
1129 1515 1201 1581 Nec

149 1638 258 1691 tamen
280 1618 428 1683 convenil
447 1616 585 1681 Ovidius
603 1615 696 1683 Trist.
717 1619 789 1697 lll.,
810 1623 878 1683 83.:
900 1630 930 1679 ct
949 1621 1023 1679 matt
1033 1618 1129 1702 jacta
1144 1624 1201 1683 ut'a

144 1741 202 1795 at.
248 1720 461 1807 Quamquam
483 1721 599 1785 residet
620 1721 726 1783 adhuc
748 1719 914 1782 dubitandi
933 1721 1068 1791 materia
1086 1722 1119 1783 in
1137 1722 1201 1786 adss

143 1832 232 1899 iectu
247 1823 396 1891 ablativo.
439 1821 526 1886 Nam
545 1837 575 1885 et
594 1822 680 1884 nude
698 1822 809 1884 videor
829 1820 980 1904 equidem
995 1820 1080 1883 mihi
1093 1821 1202 1906 suctus

148 1929 342 1997 vocabulum
366 1924 428 1990 hac
442 1924 670 2008 significatione
687 1946 813 2009 semper
833 1923 1005 2008 reperisse,
1034 1939 1066 1988 et
1079 1926 1201 1989 instru-

148 2034 256 2105 menti
270 2051 377 2109 casus,
399 2031 512 2094 sicum
524 2030 628 2116 sactus
644 2030 861 2112 coniungitur,
888 2027 993 2093 nescio
1013 2030 1090 2113 quid
1105 2051 1203 2115 prosa

148 2138 194 2207 ab
215 2136 359 2203 oratione
378 2134 549 2197 ieiunitatis
565 2133 680 2212 habet,
701 2133 839 2196 multum
854 2133 895 2200 ab
910 2132 971 2196 hoc
985 2136 1129 2217 praeciso
1143 2157 1202 2218 ge-

145 2262 227 2309 nere
249 2236 440 2304 exhortandi
460 2236 612 2302 alienum.
657 2235 879 2319 Quamobrem
900 2236 1078 2303 ablativum
1098 2247 1202 2303 omni-

144 2350 197 2412 bus
211 2346 313 2409 armis
330 2341 515 2426 simpliciter
527 2342 668 2424 positum
690 2359 755 2403 esse
775 2340 906 2422 opinor,
928 2340 996 2403 sive
1015 2362 1082 2404 cum
1104 2365 1201 2426 prac-

147 2452 345 2537 positionem
368 2446 503 2525 omittis,
535 2459 571 2508 ut
595 2443 678 2528 apud
700 2441 867 2507 Tibullum
889 2441 938 2507 El.
965 2443 1009 2522 1.,
1031 2449 1062 2511 2.
1084 2469 1115 2512 v.
1136 2450 1202 2531 78,

153 2554 215 2619 'sire
233 2556 267 2614 in
283 2551 380 2616 tacite
393 2548 521 2628 adiicis,
544 2565 578 2613 ut
593 2546 726 2612 Horatio
743 2546 808 2613 Sat.
822 2547 863 2630 1.,
885 2552 915 2616 3.
929 2571 959 2612 v.
974 2550 1005 2614 8.

252 2780 284 2820 v.
308 2753 382 2818 338.
425 2753 526 2817 Arma
547 2775 655 2816 acuere
672 2758 756 2815 viam
777 2750 799 2816 i.
816 2773 842 2816 e.
861 2754 1065 2831 venationem
1086 2754 1202 2821 fortio-

145 2880 220 2927 rem
248 2857 471 2937 acrioremque
497 2856 631 2919 reddere
658 2853 767 2920 solent.
825 2853 912 2916 Vt'am
940 2855 1035 2936 igitur
1062 2859 1201 2943 appellat

149 2984 283 3029 omnem
302 2961 460 3024 venatoris
480 2959 634 3022 incessum
659 2973 752 3040 atque
774 2970 983 3040 apparatum;
1018 2956 1095 3022 hinc
1122 2981 1200 3024 sane

150 3065 337 3140 miraberis,
364 3083 419 3124 cur
438 3066 497 3127 ista
519 3063 637 3127 locutio
657 3076 725 3122 tam
747 3059 880 3122 obscure
903 3059 1062 3124 lohnsono
1081 3062 1200 3146 pariter

147 3188 186 3233 ac
198 3168 390 3231 Burmanno
409 3166 476 3228 visa
497 3167 553 3243 sit,
583 3180 617 3229 ut
635 3162 825 3225 mutandam
846 3164 1010 3229 crederent
1027 3164 1201 3249 vulgatam.

145 3268 219 3337 Nec
250 3285 371 3334 tamen·
396 3266 541 3332 Tibullus
575 3282 641 3332 erat
670 3265 848 3347 laudandus
878 3268 937 3348 ΙΙ.,
969 3273 1016 3348 u,
1045 3273 1115 3351 37„
1141 3270 1201 3334 ubi

145 3371 395 3439 Broulrhusiana
420 3375 593 3457 scriptura:
627 3374 749 3454 pracda
764 3370 855 3455 serus
877 3379 960 3436 acics
980 3376 1128 3437 nouiter.
1148 3395 1197 3440 or.

147 3477 278 3563 pridem
298 3475 419 3540 abiecta
442 3499 462 3539 a
481 3476 600 3559 Vulpio
623 3489 678 3540 est.
722 3476 835 3535 Fascia
856 3476 1112 3541 calceamentum
1133 3489 1201 3542 erat

147 3580 368 3658 senatorium,
393 3579 470 3642 alibi
492 3583 655 3643 cothurnus
670 3576 876 3663 appellatum.
919 3574 1102 3643 Pertinebat
1119 3578 1200 3643 illud

149 3701 170 3746 a
184 3684 271 3768 pede
285 3704 383 3768 usque
399 3684 442 3746 ad
458 3705 563 3763 suras,
585 3705 625 3747 ne
640 3705 659 3746 a
672 3682 812 3747 sentibus
828 3694 857 3743 et
870 3679 1010 3746 silicibus
1029 3681 1199 3749 laederen-

148 3798 201 3849 tur
218 3806 310 3850 crura
332 3808 489 3870 cursuque
508 3787 747 3871 impedirentur.
791 3782 860 3846 Hoc
881 3785 1060 3851 vestimenti
1084 3804 1199 3870 genere

153 3906 225 3951 urm
246 3904 429 3968 venatores,
457 3905 526 3953 tum
549 3890 619 3975 ipsa
639 3889 747 3952 Diana
771 3890 900 3970 eiusque
919 3889 1051 3952 comites
1066 3901 1200 3954 utuntur

151 3990 308 4057 veteribus
328 3995 364 4056 iu
384 3994 612 4057 monumentis.
655 3988 722 4057 Csr.
742 3988 823 4054 Aen.
845 3991 899 4055 lib.
913 3988 956 4071 l.,
976 3994 1050 4056 887.
1093 3988 1198 4058 simi-

97 4082 108 4187 l¹
154 4089 385 4164 literin-racrir
399 4095 528 4164 Dianae
541 4094 671 4163 Triviae
683 4095 793 4160 leviter
803 4093 1034 4162 describendis:
1148 4152 1152 4157 .
