2686 4928
488 419 571 433 -
624 379 838 454 228*-

139 583 288 672 paraphr.
334 581 383 644 lix
410 582 504 647 huius
525 583 628 662 igitur
646 578 823 663 Windingi
847 578 1088 643 commemariis
1108 601 1194 663 quae

140 688 315 754 distinctius
344 683 468 767 collegit
495 681 755 762 Wernsdorl'ros,
791 680 871 745 haec
900 680 1031 745 ltabeto:
1074 681 1195 748 Omnis

140 788 278 875 supellex
311 789 443 872 aucupis
463 785 513 850 vel
534 787 576 850 ad
598 788 704 872 ipsam
727 787 838 850 avium
862 800 1028 870 capturam
1051 789 1194 868 pertinc-

140 895 213 974 bat,
240 890 291 955 vel
312 891 355 955 ad
372 890 485 953 dolum
509 903 540 954 et
559 889 758 954 allectionem
780 908 901 954 earum.
946 884 1105 973 capturae
1126 912 1199 954 ser·

141 995 271 1061 viebam
293 991 399 1077 laquei
427 993 477 1056 vel
501 993 649 1078 pedicae,
677 990 820 1059 calamus
842 993 993 1073 viscatos,
1022 1006 1125 1058 crates
1146 993 1197 1058 vel

142 1118 256 1175 casea,
275 1117 369 1176 area,
397 1098 497 1174 retia,
516 1097 649 1174 amites,
677 1094 798 1181 plagae.
844 1097 966 1158 Cretam
988 1093 1195 1159 commemo-

142 1198 192 1265 rat
204 1214 315 1265 auctor
327 1199 484 1264 Octaviae
503 1225 532 1264 v.
548 1200 638 1276 tte,
657 1218 755 1282 quem
769 1198 814 1261 sio
826 1197 903 1280 legit
918 1196 1118 1263 Gronovius:
1143 1202 1199 1263 Vel

144 1305 264 1369 calamo
284 1317 339 1366 aut
356 1304 441 1366 brevi
459 1306 599 1386 decipere
617 1303 756 1366 volueres
772 1316 865 1366 croto.
907 1298 1013 1366 Gratis
1029 1315 1061 1366 st
1075 1300 1197 1366 calami

142 1410 251 1488 imago
273 1415 377 1472 exslat
394 1407 430 1492 in
449 1409 582 1491 antiqua
601 1426 732 1488 gemma
754 1406 839 1491 apud
859 1402 1049 1470 Gorbaeum
1073 1407 1197 1494 Dactyl.

143 1509 239 1577 Tem.
262 1511 305 1574 ll.
335 1532 367 1572 n.
389 1508 481 1589 480„
516 1531 616 1594 quam
642 1511 805 1593 proposuit
832 1509 1136 1576 Draclrenborchius
1154 1512 1196 1575 ad

145 1611 204 1677 sit.
223 1612 294 1679 ltal.
315 1611 391 1677 Vll.
412 1635 441 1676 v.
463 1614 536 1679 674.
578 1611 631 1678 Ad
653 1611 763 1675 dolum
787 1626 817 1675 et
839 1612 1065 1698 deceptionem
1086 1616 1194 1678 avium

145 1729 329 1801 comparata
344 1731 432 1778 erant
452 1732 540 1792 esca,
566 1716 703 1800 pinnae,
732 1716 836 1780 fistula
854 1716 902 1779 vel
924 1733 1037 1781 cantus
1060 1717 1189 1800 aucupis,

145 1833 177 1882 et
200 1817 267 1880 avis
290 1817 383 1900 illex,
415 1839 497 1902 quae
519 1832 585 1882 erat
611 1833 665 1882 aut
686 1819 800 1884 similis
825 1822 1057 1903 capiendarum
1083 1820 1189 1885 arium

147 1918 332 2006 (Oppianus
348 1922 506 2006 σύμφυλον
526 1920 613 2004 ὄρνιν
633 1923 736 2002 vocat)
759 1938 813 1986 aut
834 1924 982 2005 inimica,
1011 1938 1048 1987 ut
1073 1915 1204 1988 noctua.

147 2023 243 2089 Hunc
255 2022 392 2090 modum
410 2037 570 2086 memorat
583 2021 937 2109 Palladius'Septembr.
952 2049 984 2093 n.
1000 2032 1049 2092 12.
1095 2027 1198 2094 Prae⁴

148 2127 259 2212 cipuus
276 2127 312 2189 in
324 2125 385 2188 hoc
397 2143 511 2206 genere
527 2141 572 2190 est
587 2127 752 2213 accipiter,
774 2130 832 2211 qui
846 2127 970 2195 edoctus
984 2142 1052 2194 erat
1066 2129 1202 2196 allicere

149 2228 248 2301 simul
267 2244 298 2294 et
315 2248 429 2314 capere
449 2229 596 2294 aviculas.
638 2228 723 2293 Eum
737 2232 823 2295 inter
836 2233 961 2318 aucupii
980 2230 1200 2297 instrumenta

149 2331 246 2399 refert
255 2330 482 2417 Aristophanes
490 2332 611 2398 Avibus
625 2349 656 2398 et
663 2334 834 2420 Oppianus
848 2333 928 2422 Cyn.
942 2335 965 2398 L
979 2357 1008 2399 v.
1021 2334 1074 2400 66.
1096 2334 1198 2400 Mar-

149 2433 235 2500 tielis
247 2434 339 2500 xlv.
355 2456 403 2519 ep.
417 2438 493 2502 216.
503 2460 508 2497 :

239 2571 361 2635 Praedo
371 2567 437 2652 suit
451 2570 623 2650 volucrum,
639 2569 777 2653 famulus
792 2593 868 2633 nunc
883 2576 1024 2654 aucupis:
1047 2574 1130 2636 idem

271 2669 421 2754 Decipit,
449 2686 478 2735 et
495 2687 603 2756 coptos
617 2695 676 2736 non
694 2676 751 2735 sili
765 2688 878 2736 moeret
892 2695 972 2738 aves.

151 2818 372 2891 conferendus
395 2825 536 2910 Scaliger
555 2824 772 2897 Commentar.
786 2828 821 2889 in
835 2825 926 2891 Cirin
941 2828 1077 2910 Virgilii
1095 2855 1122 2916 p.
1135 2827 1190 2906 8⁵..

152 2949 284 2995 carmen
303 2928 434 2994 Thuani
457 2930 644 2996 adiunctum
668 2931 872 3017 scriptoribus
897 2930 961 2995 Rei
980 2933 1194 3017 accipitrariae

152 3028 261 3200 kutet.
289 3035 408 3128 1612.
435 3033 573 3120 denique
596 3034 705 3101 Sidon.
727 3034 920 3121 Apollinaris
940 3056 1097 3123 panegyr.
1112 3035 1197 3102 Aviti

184 3155 238 3216 ug.
256 3137 333 3200 202.

661 3359 689 3422 l.

255 3510 287 3556 v.
304 3488 333 3554 l.
378 3485 544 3555 Terrorem.
585 3487 637 3555 De
649 3485 713 3555 hoc
726 3511 840 3575 genere
854 3487 1033 3556 aviumcir.
1045 3486 1197 3554 Alexand.

151 3587 320 3676 Myncium
340 3605 371 3656 et
390 3590 622 3677 Epicharmum
641 3597 725 3680 apud
744 3594 948 3659 Athenaeum
968 3616 999 3678 p.
1021 3597 1100 3659 898.
1120 3589 1195 3671 (lx.

150 3693 239 3775 20.).‘
272 3692 359 3759 Eum
376 3716 442 3760 non
462 3701 709 3764 commemorari
731 3699 772 3761 ab
794 3698 961 3763 Aristotele
983 3710 1074 3761 notat
1094 3690 1195 3759 Athe·

151 3817 258 3863 naeus.
303 3797 369 3863 Sed
388 3788 506 3886 τέτριξ,
533 3799 697 3867 consimile
719 3824 829 3887 genus,
847 3792 950 3890 *exslat
968 3822 1018 3884 ap.
1040 3797 1196 3864 Aristote-

19 3929 21 3932 ·
153 3897 219 3963 lem
240 3899 271 3965 lt.
294 3922 322 3966 a.
336 3901 408 3978 Vl.,
440 3909 468 3968 1.
495 3901 531 3984 ἣν
558 3912 702 3972 καλοῦσιν
731 3904 764 3970 oi
791 3899 1115 3989 Ἅθηναῖὸινοῧραγα.
1157 3899 1196 3964 Bt

150 3998 246 4067 Conr.
267 3989 428 4071 Gesnerus
455 4008 495 4071 de
524 4012 634 4075 avibus
653 4034 683 4094 p.
706 4011 779 4090 624.
802 4008 1044 4084 animadvertit,
1080 4002 1194 4093 duplex

150 4125 246 4186 genus
266 4110 334 4176 eius
349 4111 489 4176 nominis
507 4105 654 4196 distingui
673 4113 714 4180 ab
730 4111 916 4191 Aristotele,
936 4130 1077 4198 quorum
1091 4128 1193 4174 tmutu
