2686 4928
275 1158 280 1170 ,
363 1040 1167 1168 COMMENTATIONES

732 1265 794 1315 DE

240 1398 1294 1538 uoossusaunomuuurs

568 1582 964 1659 NEMESIANO

455 1750 655 1806 vouoo
697 1746 1078 1805 asstonnrrs.
1163 1813 1168 1825 Ι

611 1955 920 1978 w

241 2171 449 2298 Fragmenta
462 2210 511 2274 'de
529 2211 666 2297 aucupio
686 2207 808 2297 primus
827 2212 957 2296 protulit
977 2205 1066 2276 Conr.
1087 2205 1258 2276 Gesnerus
1277 2230 1298 2274 e

242 2309 528 2398 GibertiLongolii
543 2314 669 2397 dialogo
684 2312 724 2375 de
739 2313 849 2378 avibus
871 2315 966 2397 (libro
983 2316 1022 2379 de
1035 2312 1145 2388 aribus
1161 2335 1193 2396 p.
1211 2312 1295 2383 431.

242 2410 276 2490 in
293 2422 388 2485 tarda
401 2433 433 2482 et
445 2444 476 2505 p.
490 2413 564 2480 444.
584 2419 617 2479 in
639 2417 810 2498 soolopace)
829 2417 989 2500 simulque
1009 2418 1142 2481 correxit
1161 2430 1194 2479 et
1215 2414 1299 2479 ittu-

241 2525 360 2594 stravit.
403 2518 548 2584 Alterum
568 2519 608 2581 de
629 2517 792 2600 scolopace
812 2523 910 2584 etiam
931 2520 1156 2584 Bonarentura
1168 2518 1300 2583 Vulca-

243 2630 316 2692 nius
339 2620 472 2686 adduxit
492 2620 574 2685 notis
596 2619 638 2682 ad
661 2615 838 2696 Glossaria‚
869 2622 954 2686 unde
978 2640 1123 2709 repetens
1145 2623 1299 2688 Barthius

243 2714 350 2793 Advv.¹
367 2725 421 2789 lib.
435 2721 509 2789 XV.
523 2744 552 2786 c.
567 2727 598 2788 8.
612 2721 759 2806 spurium
775 2721 854 2786 ittud
867 2741 897 2789 et
912 2725 1108 2792 Nemesiano
1123 2726 1292 2810 indignum

243 2832 407 2897 iudicavit.
458 2825 552 2890 lanus
575 2827 670 2889 etiam
695 2821 833 2904 Uinius,
872 2831 1102 2894 commentario
1126 2829 1173 2893 ad
1198 2846 1288 2914 eyne-

245 2935 381 3019 geticum
394 2951 527 2994 carmen
540 2927 703 3013 Olympii,
729 2949 793 2991 non
806 2930 901 2995 audet
915 2931 977 3016 ipsi
991 2932 1125 2997 Aurelio
1135 2929 1291 3018 Olympio

243 3037 441 3103 Nemesiano
460 3032 615 3108 tribuere,
637 3031 692 3093 sed
707 3032 871 3116 posteriori
891 3033 987 3099 alicui
1003 3035 1126 3102 auctori
1145 3034 1295 3116 assignat.

243 3139 334 3202 Haec
346 3139 414 3199 iam
429 3135 470 3199 ab
478 3132 700 3197 Wernsdorfio
710 3152 971 3202 commemorata.
1015 3137 1081 3202 Sed
1090 3138 1177 3224 quod
1186 3134 1291 3221 spuria

243 3239 423 3322 fragmenta
444 3241 506 3301 ista
527 3235 605 3298 olim
626 3235 765 3299 iudicata
787 3238 866 3317 sint,
895 3243 962 3305 eius
982 3241 1030 3304 rei
1050 3260 1201 3307 caussam
1218 3252 1291 3301 tum

243 3344 278 3404 in
298 3340 449 3405 orationis
474 3338 629 3404 barbarae
651 3352 682 3400 et
703 3339 846 3404 soloecae
867 3346 1021 3425 vestigiis,
1051 3357 1124 3408 tum
1149 3344 1292 3406 maxime

240 3447 275 3509 iu
288 3465 396 3511 rerum
409 3445 560 3508 tenuitate
577 3442 794 3524 sermonisque
809 3444 974 3510 ieiunitate
990 3461 1166 3531 posueruut
1178 3445 1293 3510 Ulitius

242 3562 274 3610 et
297 3545 391 3635 Casp.
411 3545 573 3611 Barthius.
615 3541 686 3606 Hoc
706 3561 930 3627 argumentum
960 3546 1022 3612 levi
1044 3571 1083 3614 ac
1109 3550 1202 3612 tenui
1222 3566 1292 3611 ma·

242 3650 341 3729 teria,
367 3650 469 3732 qualis
484 3663 530 3713 est
546 3648 585 3710 de
599 3644 706 3709 torma
719 3660 750 3709 et
770 3662 900 3732 captura
915 3650 1074 3730 aviculae,
1096 3650 1289 3725 labefactari.

242 3752 368 3838 pridem
389 3752 536 3834 cognovit
556 3746 811 3832 Wernsdorfius‚
839 3753 972 3834 aequior
992 3752 1106 3817 talium
1129 3774 1244 3816 rerum
1263 3764 1291 3816 et

241 3854 366 3919 cautior
380 3853 583 3916 existimator.
628 3849 714 3913 Mihi
736 3866 848 3916 tamen
870 3856 897 3919 si
920 3854 1109 3936 persuadere
1129 3855 1291 3934 voluisset,

240 3973 403 4022 auctorem
418 3976 482 4019 esse
494 3955 740 4035 Nemesianum,
762 3959 945 4020 auctoritate
963 3980 1044 4041 opus
1064 3970 1133 4021 erat
1148 3960 1290 4023 certiore

239 4060 313 4125 Non
334 4060 445 4144 magni
466 4057 614 4143 ponderis
637 4075 699 4135 est,
733 4059 821 4141 quod
842 4056 1018 4143 Longolius
1042 4059 1076 4122 in
1098 4058 1232 4145 dialogo
1251 4061 1290 4126 de
