2686 4928
1002 333 1099 389 xm!

37 521 163 611 mores,
187 540 293 589 sua
322 535 432 606 opera
454 506 656 598 afferebant,
689 527 728 580 ut
744 505 924 607 ingenium
943 510 1048 598 situul
1063 537 1099 591 et

40 653 104 735 vods
124 643 416 746 praestantiam
442 620 687 736 expenderent,
723 660 900 735 tamquam
925 645 971 719 ad
988 675 1099 748 ¹egre-

42 785 114 885 gium
131 781 227 856 artis
255 799 300 854 et
320 773 523 851 studiorum
544 770 822 867 experimentum.
874 775 942 850 Cui
960 777 1099 878 ignotus

49 915 259 1012 estSpurius
284 911 360 985 iste
381 906 511 983 Metius
530 906 648 1005 Tarpa
667 903 763 1004 apud
778 905 963 983 Horatium
978 913 1046 987 sat
1060 915 1100 1010 L,
1133 969 1142 977 .,

53 1067 107 1141 10„
130 1065 191 1131 33.
221 1069 265 1124 et
282 1040 459 1122 Tullium
482 1036 526 1115 ad
537 1036 632 1115 Fam
646 1036 740 1131 vlt,
763 1054 812 1131 1.,
838 1041 960 1118 arbiter
976 1043 1014 1119 iu
1030 1047 1102 1126 hoc

52 1212 158 1284 genere
171 1186 297 1278 longe
317 1167 579 1261 oelelfflimus!
628 1167 680 1242 Ita
699 1169 841 1272 quidem
862 1197 984 1275 poetae
1003 1178 1101 1255 dice-

54 1319 171 1388 bantur
191 1309 405 1393 committi,
422 1330 493 1378 ses
518 1300 592 1396 ipsa
609 1307 819 1385 ,commuuio
846 1325 898 1381 est
922 1313 1101 1410 appellata.

63 1447 160 1541 Atque
171 1445 269 1521 illud
286 1441 522 1514 committere
536 1433 703 1508 Suetonio
715 1456 766 1509 est
777 1437 1101 1537 frequentissimum,

52 1578 153 1655 relati
172 1575 292 1673 Calig.
313 1587 369 1650 18.
384 1579 444 1646 41.
467 1566 589 1640 Claud,
607 1583 664 1645 21.
682 1577 738 1644 at.
763 1568 855 1668 Aug.
872 1582 930 1648 43.
951 1573 1051 1649 Galb.
1068 1592 1102 1655 6.

58 1712 122 1785 Clr.
144 1709 255 1784 etiam
280 1704 481 1778 Iuvenalem
499 1699 569 1772 Sat.
589 1697 646 1771 lib.
662 1699 705 1791 I.,
735 1715 764 1775 1.
797 1731 827 1776 v.
849 1712 930 1782 164.
956 1726 989 1778 et
1007 1709 1103 1781 Ter.

58 1828 347 1917 tullianmn‘adv.
368 1831 548 1921 Gnosticos
570 1832 666 1931 apud
687 1832 934 1905 Cnsaubonum
949 1834 994 1906 ad
1008 1837 1102 1910 Suet

67 1977 164 2071 Aug.
178 1998 211 2044 c.
229 1983 288 2046 89.
337 1964 405 2039 sed
422 1964 456 2041 iu
470 1965 605 2038 theatro
624 1961 743 2056 enam,
774 1964 1027 2066 amphitheatro
1050 1972 1104 2046 vel

65 2107 101 2180 iu
123 2099 276 2178 basilicis
298 2097 463 2173 ciuSmodi
483 2095 665 2172 certamina
684 2096 954 2174 instituebantur.
1006 2102 1105 2190 Quin

62 2239 164 2314 etiam
184 2235 222 2307 in
238 2235 323 2306 loco
339 2231 494 2332 privato,
518 2251 558 2302 ut
571 2229 608 2302 in
627 2228 816 2320 auditorio,
840 2219 1105 2338 exhibebantur3

68 2373 178 2444 donec
195 2363 318 2441 Aelius
340 2361 541 2436 Hadrianus
559 2360 746 2461 imperator
766 2360 991 2462 magnificum
1007 2365 1108 2443 illum

76 2501 191 2574 artium
216 2499 453 2595 ingenuarum
478 2495 604 2568 ludum
634 2495 825 2590 coustituit,
865 2496 963 2591 quod
991 2499 1108 2580 Athe-

70 2661 194 2708 naeum
222 2649 386 2705 vocatum
416 2650 794 2731 commemoratumque
823 2651 873 2704 est
895 2631 945 2703 ab
963 2629 1107 2708 Aurelio

70 2766 205 2840 Victore
223 2763 268 2836 de
283 2762 380 2835 Caes.
396 2788 425 2834 c.
449 2771 504 2837 14.
555 2760 822 2835 Commissiones
843 2785 958 2837 autem
979 2764 1024 2838 ad
1041 2793 1110 2839 cu-

71 2927 142 2972 ram
158 2894 346 2998 praetoris,
370 2893 432 2987 qui
448 2892 544 2966 ludis
565 2916 734 2999 praeerat,
762 2893 1007 2995 pertinuerunt.
1056 2896 1111 2971 Il-

71 3031 135 3105 lud
157 3029 264 3129 igitur
297 3026 493 3121 studiorum
515 3025 777 3105 ,incitauentum
803 3027 891 3101 adeo
915 3023 1112 3107 Nemesiani

70 3185 174 3238 amate
194 3161 468 3258 percrebruerat,
494 3179 535 3232 ut
554 3181 686 3262 [tracter
705 3160 854 3262 optimos
877 3181 996 3262 poetas
1011 3160 1112 3238 etiam

72 3296 293 3397 imperatores
314 3293 358 3366 ad
372 3292 540 3367 ludorum
560 3320 600 3367 ae
620 3293 844 3375 certaminum
866 3295 1113 3376 oblectamenta

76 3425 326 3524 descenderent.
376 3423 532 3525 Epoetis
547 3426 719 3526 Vopiscus
733 3429 755 3499 l.
769 3429 790 3498 l.
812 3424 1057 3500 Nemesianum
1080 3447 1114 3501 et

72 3556 258 3632 Aurelium
269 3558 526 3658 Apollinarem,
549 3559 745 3632 iamborum
759 3557 974 3651 scriptorem,
994 3558 1114 3634 uomi-

73 3712 150 3782 nat,
171 3718 237 3763 nec
249 3690 379 3764 alienus
395 3694 437 3764 ab
450 3693 521 3766 boc
533 3719 657 3790 genere
665 3687 873 3790 Calpurnius
885 3688 961 3782 fuit,
982 3717 1114 3792 aequa-

73 3820 115 3894 lis
132 3822 307 3924 Olympii,
334 3824 395 3924 qui
414 3824 542 3922 Ecloga
559 3824 601 3897 lt
621 3847 653 3898 et
668 3823 724 3898 VI.
749 3821 811 3895 ista
831 3844 1013 3923 poetarum
1036 3853 1114 3901 cer-

72 3954 203 4027 tamina
217 3955 351 4030 videtur
370 3956 575 4055 significare,
598 3959 694 4056 apud
710 3985 815 4058 quem
832 3955 973 4031 arbitros
989 3951 1116 4032 uirtui-
1216 3979 1220 3994 ¹
