2686 4928
417 455 420 461 Ι
517 383 604 403 -
656 341 731 423 m
762 372 867 407 ·-

265 571 297 616 v.
313 551 345 617 6.
387 544 544 633 Amplam
554 546 691 614 canendi
705 551 876 618 materiam
890 548 1030 637 praehet.

263 746 294 790 v.
318 724 350 789 7.
392 723 581 806 imponitque
604 725 715 802 iugum.
760 719 839 810 Cogi
867 740 898 790 et
921 723 989 808 regi
1020 722 1213 792 dicuntura

156 831 230 912 deo,
252 828 435 915 quicunque
448 824 694 902 ἐνθουσιάζουσι.
728 824 912 913 Tamquam
928 850 1047 912 equum
1063 829 1211 913 magister

156 939 269 1021 premit
287 928 438 996 Phoebus
453 927 613 1016 Sibyllam
629 929 766 1014 Virgilio
781 930 861 997 Aen.
877 931 950 1012 Vl„
972 937 1025 1000 80.
1072 930 1208 1021 Corym-

155 1037 205 1107 bis
223 1035 273 1102 vel
290 1033 417 1102 hederis
434 1034 577 1098 coronati
596 1033 860 1116 ingrediebantur
873 1035 1038 1101 Bacchicis
1058 1037 1096 1101 in
1114 1060 1207 1122 pom-

153 1146 212 1230 pis.
250 1138 326 1203 vid.
342 1133 462 1202 'ributt
476 1135 519 1214 1.,
536 1138 582 1214 7.,
597 1135 649 1202 45.
688 1136 969 1221 ovid.Meu111.‚
985 1140 1064 1205 644.
1096 1135 1199 1208 (laud

154 1245 250 1315 Cous.
271 1244 355 1308 Hon.
379 1241 453 1304 607.
495 1236 637 1323 Propere.
652 1238 712 1322 ll.,
735 1247 787 1321 23,
832 1240 916 1308 Hinc
937 1246 1001 1332 ipsi
1020 1260 1137 1331 poetae
1153 1264 1200 1309 se-

153 1363 292 1436 quuntur
311 1345 411 1409 deum
430 1342 588 1425 cingentes
605 1343 703 1408 viridi
724 1359 870 1433 tempora
885 1348 1053 1434 pampino.
1100 1347 1205 1416 Horat.

153 1451 261 1521 Germ.
276 1448 353 1530 HL,
371 1443 424 1512 26.
444 1470 473 1510 v.
488 1450 541 1512 20.

254 1644 285 1688 v.
300 1624 331 1688 8.
375 1617 526 1682 Imitatur
540 1614 726 1683 Lucretium
740 1618 780 1701 l.,
803 1621 895 1687 ete:

295 1759 380 1825 Avia
393 1756 550 1818 Pieridum
564 1776 700 1838 peragro
714 1754 799 1832 loca,
822 1761 932 1822 nullius
949 1774 1023 1824 ante

296 1865 387 1926 Trito
406 1861 470 1922 solo
490 1894 535 1908 —

145 1999 319 2087 Virgilium
335 1988 453 2077 Georg.
470 1990 542 2072 tlt,
563 1995 655 2060 eet:

294 2138 380 2194 iuvat
395 2132 441 2191 ire
457 2131 550 2207 iugis,
571 2150 631 2211 qua
647 2128 732 2190 nullu
747 2132 885 2212 priorum

296 2235 467 2299 Castaliam
481 2234 567 2295 molli
581 2234 749 2296 devertitur
768 2235 870 2296 ordita
884 2236 972 2297 clivo·

143 2381 257 2464 ltaque
277 2371 340 2454 „in
362 2368 450 2431 viam
473 2366 666 2449 ingreditur,
696 2388 761 2450 qua
782 2370 869 2452 prior
888 2390 987 2432 nemo
1009 2368 1190 2434 incesserit“

145 2482 243 2568 Quod
268 2472 477 2542 enunciatum
500 2484 554 2532 aut
579 2468 620 2531 ab
648 2471 847 2552 ignoratione
870 2487 923 2536 aut
945 2473 1197 2541 dissimulatione

143 2585 321 2674 profectum
336 2574 487 2640 carminis
503 2568 659 2637 Gratiani
704 2571 835 2660 Alioqui
856 2597 920 2639 non
939 2597 1035 2642 ausus
1058 2595 1138 2645 esset
1157 2581 1197 2647 de

141 2711 179 2757 se
199 2688 262 2751 hoc
282 2681 456 2750 affirmare.

245 2877 276 2922 v.
293 2858 324 2919 9.
370 2855 498 2916 Currum
513 2847 687 2912 tribuentes
706 2846 768 2911 sibi
789 2863 900 2933 poetae
916 2851 1099 2917 orationem
1114 2876 1196 2940 poe·

139 2971 237 3034 ticam
262 2976 293 3027 et
316 2975 526 3021 numerosam
547 2951 698 3016 indicant.
742 2949 827 3015 Hinc
849 2954 946 3018 Pierii
964 2978 1076 3020 currus
1094 2955 1194 3024 cuu-

140 3075 236 3137 diano
259 3061 330 3129 Stil.
350 3058 393 3140 l.‚
411 3061 481 3134 23„
500 3055 672 3140 quadrigae
688 3061 827 3136 poeticae
842 3053 943 3120 Cicer.
958 3058 1000 3120 ad
1016 3057 1136 3142 Quint.
1155 3063 1189 3129 li.

31 3246 35 3254 ,
138 3166 289 3250 11.,15.]
315 3159 501 3224 Wernsd.
552 3156 682 3222 Pindar.
707 3158 818 3224 Isthm.
841 3160 884 3224 ll.
906 3182 934 3221 v.
959 3164 986 3225 1.
1006 3166 1038 3225 2.
1072 3165 1185 3251 οἶμ’,

138 3279 235 3344 πάλαι
255 3302 300 3318 -
318 3270 431 3349 φῶτες,
451 3261 483 3328 οἳ
497 3262 725 3346 χρυσαμπύκων
737 3261 771 3338 ἐς
785 3266 895 3349 δίφρον
909 3269 1041 3331 Μοισᾶν
1051 3266 1194 3351 ἔβαινον.

139 3380 195 3446 ot
218 3372 273 3440 lx.
295 3392 325 3434 ν.
344 3370 415 3432 120.
436 3358 614 3447 adnectenda
633 3360 822 3450 ἀναγεῖσθαι
842 3369 1019 3455 πρόςφορος
1040 3371 1075 3437 ἕ,
1095 3377 1187 3440 Mol,

137 3489 197 3550 σᾶν
217 3483 351 3563 (lipom,
377 3471 403 3536 Ρ
405 3467 469 3555 yth.
484 3468 524 3531 Χ.
539 3491 568 3535 v.
594 3472 664 3536 101.
685 3468 773 3553 ἅρμα
793 3475 957 3557 Πιερίδων.
1003 3471 1103 3544 ovid.
1118 3475 1186 3543 Art,

137 3586 199 3662 ll.‚
221 3583 296 3645 teo.
318 3578 363 3655 1.,
386 3576 437 3639 39.
452 3572 527 3637 264.
548 3570 779 3657 Propert.lll.,
803 3579 850 3652 1.,
875 3577 940 3660 11‚]
962 3575 1099 3648 Burm,

239 3790 270 3832 v.
286 3768 337 3831 10.
387 3763 503 3825 Virides
518 3763 627 3824 herlae
641 3776 672 3826 et
686 3766 819 3827 intactus
833 3788 965 3840 muscus,
989 3788 1072 3850 quae
1092 3766 1180 3833 nullo

135 3889 207 3944 sunt
227 3866 357 3951 vestigio
378 3866 459 3929 trita.
501 3863 555 3927 Sic
573 3863 669 3948 plane
685 3866 826 3950 Propert.
846 3869 922 3949 lll.‚
945 3876 992 3951 3.,
1011 3877 1081 3938 26.;
1113 3877 1180 3959 Qua

136 4002 217 4045 nova
234 3992 364 4039 muscoso
381 3974 489 4031 samita
503 3968 597 4052 faeta
611 3969 660 4033 sol
678 4019 685 4036 .
729 3969 820 4035 Idem
834 3976 985 4039 intactam
1003 3982 1089 4041 oium
1105 3978 1176 4043 dicit

133 4082 209 4164 ut,
232 4085 277 4156 1.‚
301 4074 366 4159 tt]
388 4070 572 4138 Wernsn.
