2686 4928
522 368 847 443 ,mag-s.

161 572 346 637 hominibus
369 585 557 639 annotatum
579 569 620 634 ad
641 569 738 634 Ovid.
758 566 837 632 Met.
857 554 965 647 vlit,
990 555 1062 633 393.
1107 565 1213 652 Spar-

160 693 311 741 tanorum
334 691 363 739 et
379 671 576 740 Cretensium
593 695 687 739 canes
702 659 913 737 laudatissimi
928 684 1026 737 erant.
1069 663 1214 732 Contulit

104 857 108 870 Ι
160 780 281 847 Ulitius
304 799 321 842 e
338 776 503 842 Macrobio
525 776 580 841 lib.
596 777 724 862 Vl.,cp.
739 782 770 842 2.
813 773 998 860 Utrumque
1014 795 1111 857 genus
1132 794 1213 837 con-

161 885 318 949 sociatum
332 895 377 944 est
390 881 476 967 apud
496 878 619 944 Lucan.
634 876 710 958 lv„
734 879 811 943 441.

265 1025 293 1068 v.
315 1004 389 1066 213.
437 997 566 1064 Primus
599 996 736 1080 Hagnon
772 996 921 1062 Boeotius
944 1006 1067 1061 'canem
1103 1012 1212 1071 suum,

162 1104 389 1193 Glympicum,
410 1101 534 1165 loro=ad
552 1103 619 1165 eius
635 1102 790 1164 cervicem
805 1114 915 1184 aptato
933 1115 1057 1186 praese
1073 1095 1156 1178 egit,
1174 1107 1211 1159 ut

160 1213 241 1277 sein
256 1206 344 1273 silvis
361 1226 418 1289 per
432 1206 563 1288 vestigia
579 1203 621 1268 ad
639 1203 777 1267 ferarum
794 1201 915 1267 cubilia
930 1203 1068 1266 duceret.
1110 1200 1211 1282 Igitur

161 1315 303 1400 primum
312 1309 470 1389 Hagnona
484 1328 563 1373 cane
578 1306 743 1371 inductore
762 1326 855 1367 usum
870 1324 938 1368 esse
952 1305 1036 1370 dicit.
1079 1302 1134 1367 De
1148 1322 1211 1386 quo

161 1401 285 1482 Plinius
297 1408 406 1485 Vlll„
427 1410 488 1475 40:
510 1425 666 1474 scrutatur
681 1412 812 1487 uestigia
827 1421 916 1491 atque
928 1412 1135 1491 persequitur,
1155 1427 1211 1468 an-

162 1524 318 1582 mitautem
341 1516 384 1576 ad
400 1510 505 1599 seram
522 1518 729 1599 inquisitorem
750 1514 817 1575 lora
839 1512 988 1586 trahens]
1009 1498 1210 1574 Wernsd.

161 1620 287 1686 Eadem
302 1619 443 1695 ratione,
469 1621 745 1700 quaversu100.‚
772 1612 814 1680 ad
836 1613 940 1677 solum
963 1611 1115 1677 Gratiam
1136 1631 1211 1698 pef-

159 1725 239 1788 tinet
270 1721 434 1813 Hagnonis
470 1721 751 1795 commemoratio,
797 1717 937 1780 hominis
968 1717 1047 1787 alias
1082 1738 1212 1802 prorsus

159 1827 301 1905 obscuri,
321 1840 354 1888 ut
376 1843 450 1919 vere
464 1820 617 1887 intellexit
632 1820 873 1884 Wernsdorfrus
890 1821 964 1884 Exc.
982 1819 1038 1885 lll.
1062 1843 1094 1904 p.
1108 1821 1213 1886 242.-

137 1926 232 1994 941.
277 1925 343 1989 Sed
364 1924 508 1992 fabulam
531 1925 673 2009 aliquam
689 1939 844 1988 vetustam
867 1925 1038 2009 respexisse
1059 1919 1213 2003 Gratirmt

157 2035 196 2094 e‘x
219 2030 377 2109 Glympiaa
397 2028 484 2089 canis
501 2014 639 2091 domine
654 2040 794 2111 apparet.
841 2025 877 2090 si
899 2048 1011 2090 verum
1031 2039 1094 2105 est,
1125 2024 1213 2111 quod

157 2131 331 2216 Hesychius
354 2126 510 2209 affirmat,
532 2127 636 2215 α’γνεΐν
653 2125 778 2193 Cretico
799 2147 948 2193 sermone
964 2130 1055 2193 idem
1076 2148 1143 2195 esre
1157 2142 1211 2194 at·

157 2254 220 2318 que
234 2230 341 2320 ἄγειν,
362 2231 472 2295 fictum
494 2247 540 2297 est
559 2254 679 2297 nomen
699 2231 796 2316 illud,
817 2248 851 2298 ut
868 2235 1032 2318 negotium
1047 2228 1207 2317 siguifica-

8 2333 10 2345 '
99 2335 101 2340 ’
155 2353 242 2402 retur
268 2335 399 2421 aliquod
425 2349 566 2420 essetque
594 2335 674 2399 illud
696 2335 746 2400 vel
767 2333 852 2423 dyas
884 2337 934 2401 vel
961 2336 1099 2425 κυνηγός.
1137 2330 1222 2407 see,

83 2476 85 2481 s
157 2440 327 2527 Oppianus
347 2437 399 2500 hic
424 2460 550 2522 quoque
571 2439 700 2506 dissidet
732 2433 811 2524 Cyn.
832 2441 874 2506 lI.
896 2463 925 2506 v.
944 2444 1010 2518 te,
1030 2440 1087 2524 qui
1110 2434 1206 2525 Poly-

157 2545 293 2608 deucem
314 2539 380 2604 sive
403 2538 569 2604 Pollucem
588 2541 686 2606 relert
707 2540 836 2605 canibus
855 2544 999 2627 primum
1019 2560 1086 2609 esse
1106 2548 1208 2609 vena*

155 2642 344 2712 ticis't'rs'um.
390 2642 502 2727 ltaque
521 2642 685 2728 Hagnonis
705 2644 789 2707 illius
809 2639 960 2710 Gratiani
982 2647 1115 2730 vestigia
1134 2667 1210 2713 cum

153 2748 271 2813 frustra
287 2744 452 2827 indagabis
468 2748 503 2810 iu
513 2746 628 2813 Niciae
641 2745 709 2812 fi‘lio
718 2748 835 2832 passim
846 2747 1210 2838 aThucydidememo-

155 2867 226 2917 rato
247 2865 277 2914 et
292 2846 461 2912 Plutarcho
481 2849 600 2914 Pericle
621 2873 652 2934 p.
668 2849 741 2917 655.
763 2849 885 2932 Reist,
913 2846 1010 2938 inque
1030 2853 1210 2919 Alexandri

153 2953 313 3041 prae-lecto
336 2946 470 3014 militari
500 2952 586 3037 apud
607 2950 689 3017 Plin.
712 2951 753 3018 N.
783 2951 822 3017 H.
848 2953 1001 3023 XXXIII.
1029 2981 1054 3022 c.
1079 2963 1129 3039 3.,
1157 2954 1209 3023 14.

152 3057 277 3123 Aeliana
290 3076 383 3119 ¹carr.
405 3055 476 3120 hist.
491 3057 564 3135 tx„
588 3061 617 3120 3.
644 3056 716 3136 (cfr.
732 3054 896 3122 rWernsd.
917 3057 993 3125 Exc.
1016 3061 1107 3142 itt),
1134 3076 1213 3127 tum·

154 3180 272 3251 parum
315 3171 401 3240 apte.
430 3159 604 3223 emendare
640 3158 740 3223 valuit
779 3161 1020 3228 Wernsdorfius
1062 3167 1210 3231 Boeotius

152 3267 309 3342 Haemon,
345 3259 429 3341 quod
458 3282 516 3323 nec
540 3260 722 3346 Propertius
746 3264 805 3342 ll.,
828 3267 875 3345 8.,
897 3271 950 3331 21.
981 3288 1040 3333 nec
1062 3266 1208 3334 Ovidius

150 3363 244 3429 Trist.
259 3362 413 3442 11.,.202.
436 3362 499 3425 ulla
514 3380 605 3449 pacto
620 3364 755 3459 probare
769 3382 878 3449 potest.
920 3372 1092 3451 Astylidem
1112 3372 1206 3438 nobit

150 3487 278 3551 quoque
296 3464 475 3551 praeplacet
491 3468 531 3530 ad
541 3464 685 3556 Astylum
695 3466 889 3534 Centaurum
906 3472 1025 3539 referre
1041 3464 1202 3560 apss‘Ovid.

149 3570 227 3634 Met.
241 3566 447 3653 xt1.,=308.‚
472 3565 623 3635 Ceterum
639 3573 772 3635 nomina
794 3574 953 3656 quaedam
976 3600 1094 3642 canum
1115 3579 1204 3644 cele·

31 3754 37 3765 ¹
148 3671 294 3736 britatem
315 3675 431 3752 passim
454 3676 487 3736 in
502 3670 620 3739 falrulis
638 3680 748 3752 nacta,
772 3697 906 3757 quarum
922 3674 1053 3762 Orthrus
1067 3655 1210 3748 Cerberi

144 3776 246 3840 socius
257 3792 281 3835 a
297 3770 522 3839 Wernsdorfio
541 3790 831 3857 commemoratur,
854 3781 893 3843 de
911 3804 976 3866 quo
990 3786 1052 3848 vid.
1068 3785 1200 3854 Hesiod.

142 3879 262 3962 '1¹lieng.
286 3879 358 3941 293.
382 3882 455 3943 309.
478 3893 508 3940 et
530 3877 584 3943 cfr.
604 3876 768 3942 Pollucem
791 3880 843 3946 lib.
869 3884 909 3949 V.
937 3908 962 3950 c
983 3891 1031 3966 5.,
1063 3890 1107 3953 39
1131 3911 1199 3975 sqq.

140 3985 320 4062 Hapuartem
337 3986 446 4059 igitur,
465 4000 494 4043 v.
509 3985 583 4045 ete.
606 3995 641 4044 ut
661 3975 720 4060 ait,
750 4004 857 4066 unum,
880 3991 1006 4053 istarum
1028 4013 1133 4056 rarum
1151 3998 1196 4058 in·
1218 4044 1230 4058 .

15 4111 18 4119 ·
138 4101 309 4159 uenturae,
331 4074 428 4164 grate
439 4084 635 4165 praedicabit
648 4091 824 4167 posteritas.
