2686 4928
151 550 280 629 ἰιιΙιιηι,Ι
302 565 365 609 non
390 545 554 629 perspicio.
603 549 791 611 Hortamtna
811 561 884 615 sunt
910 559 1015 625 autem
1041 546 1193 624 vocabula

147 666 183 715 et
203 648 338 733 imperia
360 650 534 728 venatoris,
560 649 676 730 quibus
696 665 727 714 et
747 667 872 715 reuocat
893 665 923 716 et
946 652 1074 734 instigat
1093 673 1191 730 came,

151 751 261 837 quales
276 745 457 835 praeseribit
469 751 648 832 Xenophon
665 752 744 816 libro
765 753 805 819 de
824 774 893 818 ven.
911 752 1021 817 hasce:
1049 749 1120 838 εὖγε
1140 757 1191 821 xt-

151 881 216 936 νες,
253 850 338 939 εὖγε,
370 847 520 934 uixisse,
556 852 670 921 tusses
691 859 794 936 κύνες,
825 855 961 936 ἕπεσθε,
994 849 1132 934 duriter
1153 892 1189 906 -

151 957 346 1044 Toiuautrr,
381 957 566 1041 reiterato,
600 949 629 1021 oi
654 960 749 1034 κύνες.
792 962 926 1025 Hortari
948 961 986 1022 in
1013 981 1056 1035 ea
1079 981 1114 1025 re
1137 981 1189 1026 re·

150 1072 301 1128 natorum
320 1080 388 1126 esse
403 1061 566 1144 proprium
586 1060 797 1143 vocabulum,
819 1059 1067 1131 Wernsdorfius
1084 1077 1190 1131 mona

132 1202 135 1209 .
149 1164 264 1231 coilatu
276 1161 396 1227 Ouidio
410 1161 488 1226 Met
502 1161 576 1241 tlt,
591 1162 670 1228 «242.

159 1300 162 1307 ’
253 1302 280 1348 s.
307 1282 377 1343 198.
406 1281 502 1364 ,Quin
525 1285 619 1343 etiam
645 1279 689 1344 sic
710 1279 892 1345 instituendi
915 1295 990 1346 sunt
1012 1244 1126 1367 edors,
1157 1294 1189 1345 ut

148 1404 244 1468 quem
263 1382 403 1466 leporem
424 1404 512 1444 cursu
530 1385 650 1446 virtum
664 1383 948 1467 apprehenderint,
971 1398 1111 1449 enecent
1122 1399 1188 1451 tto·

149 1503 235 1565 turn,
268 1506 329 1548 non
353 1485 450 1547 etiam
474 1485 649 1570 discerpere
672 1500 799 1571 captum
824 1501 855 1551 et
882 1508 995 1550 verrere
1023 1489 1186 1570 gaudeant.

138 1578 274 1655 'Romae
293 1585 378 1674 apud
400 1587 548 1652 delicatos
563 1589 700 1673 pretium
722 1591 889 1655 accedebat
909 1589 1029 1674 lepori,
1058 1593 1090 1656 si
1110 1593 1187 1655 vivus

148 1706 180 1757 et
198 1692 307 1756 ieviter
321 1691 420 1755 laesus
440 1690 574 1754 domino
592 1688 704 1754 allatus
724 1712 837 1756 acano
858 1707 946 1758 esset.
991 1691 1083 1759 ilinc
1103 1692 1184 1765 intei-

147 1796 290 1881 iigendus
304 1793 442 1858 Martial.
460 1794 537 1874 lll.,
550 1792 627 1872 stt,
651 1798 701 1859 11.
723 1793 829 1872 xlv..
850 1795 940 1880 200]
960 1793 1150 1873 Werned

249 1950 279 1997 v.
298 1932 373 1994 200.
416 1931 484 2002 Sic,
512 1946 551 1991 ea
572 1928 710 2006 ratione,
739 1949 838 2011 quam
861 1924 1017 1992 hactenus
1032 1931 1188 1996 'docuiiu

146 2032 270 2099 foetura
290 2044 322 2094 et
343 2029 527 2093 educatione
541 2048 657 2092 cunum
674 2028 924 2109 observandam,
946 2047 1096 2099 enemente
1111 2058 1188 2100 senr-

144 2159 202 2220 per
221 2137 243 2198 i.
263 2131 448 2217 quotannis,
476 2128 633 2194 bonorum
644 2130 819 2196 catulorum
834 2156 931 2218 genus
949 2150 1102 2221 reparare
1120 2139 1187 2216 etti,

146 2260 262 2320 eosque
291 2253 383 2319 porro
411 2232 492 2297 bene
521 2253 640 2299 curare.
684 2257 778 2318 narn,
810 2238 931 2321 inquit,
963 2240 1057 2302 tristes
1077 2240 1183 2302 morbi

145 2341 262 2408 multos
280 2337 447 2423 quotannis
462 2356 555 2405 canes
568 2335 723 2406 auserunt.
768 2339 851 2404 Hinc
863 2341 974 2404 transit
985 2340 1023 2405 ad
1035 2341 1179 2405 remedia

146 2439 357 2524 morborum]
379 2437 562 2504 Wernsd.
607 2441 789 2509 Verissime.
832 2442 974 2508 Strictim
1000 2433 1116 2531 moneo
1144 2445 1184 2509 de

145 2546 310 2636 prioribus.
355 2545 434 2606 Hine
449 2546 583 2607 correxit
604 2566 666 2628 pro
682 2551 726 2610 sie
740 2545 960 2629 Burmannus,
985 2540 1020 2612 ut
1033 2544 1130 2614 esset:
1150 2571 1185 2612 ea

145 2648 394 2729 alagastat,
420 2655 491 2728 qums
511 2649 653 2710 educasti.
696 2640 867 2733 Perpetem
893 2648 987 2743 olir‘rt¹
1000 2644 1185 2743 distinctum

144 2755 259 2819 suisse:
303 2751 385 2815 Nam
419 2753 521 2812 tristes
551 2752 648 2812 morti
678 2756 805 2828 scabies,
847 2769 903 2818 etc.
943 2746 1036 2818 vidit
1059 2752 1185 2820 Utitius

143 2853 301 2939 Exempla
322 2852 475 2935 denique,
504 2848 559 2914 ubi
576 2844 768 2918 attractionis
790 2855 858 2940 lege
879 2857 1013 2921 verbum
1034 2857 1185 2940 singulari

143 2978 188 3027 est
202 2958 358 3044 positum,
380 2952 502 3018 duobus
516 2956 685 3036 progressis
697 2955 919 3039 substantivis,
942 2982 1084 3044 quorum
1101 2965 1184 3046 prius

141 3061 256 3151 piuraii
275 3077 409 3122 numero
429 3057 497 3120 'erat
510 3059 665 3141 positum,
684 3055 886 3126 Burmannus
899 3064 1043 3127 addidit:
1074 3065 1179 3149 vagit.

15 3191 18 3197 ·
143 3164 260 3246 Georg.
281 3161 357 3240 ttl.,
379 3156 469 3226 564:
491 3194 534 3208 -
560 3162 696 3242 papulae
713 3177 802 3247 atque
823 3195 866 3212 -
886 3169 980 3228 sudor
997 3171 1175 3251 sequebatur.

140 3267 257 3336 Livius
278 3260 458 3339 xxxvii,
484 3264 530 3325 9.:
560 3264 661 3327 Neues
681 3279 710 3328 et
730 3272 914 3348 praesidium
938 3277 1077 3335 exemit.
1117 3267 1178 3336 Cir.

139 3373 234 3440 Tusa.
251 3365 307 3432 ill.
317 3410 327 3442 ,
339 3363 386 3428 6.:
408 3385 541 3448 corpora
554 3378 583 3428 et
599 3382 711 3431 natura
729 3371 820 3433 valet.
867 3367 958 3438 Grati
973 3376 1053 3438 ⁵69.
1063 3350 1181 3440 iussn:

141 3479 202 3541 luet
218 3487 245 3537 et
260 3470 377 3533 mortus
389 3483 550 3544 uenerunt,
573 3469 627 3535 ubi
641 3469 759 3536 Utitius
779 3450 1017 3541 mortiffnatutt.
1134 3498 1149 3531 ⁸

244 3626 274 3667 v.
295 3598 368 3668 208.
411 3604 593 3668 Discrimine
628 3608 710 3668 nullo
745 3605 880 3691 explicat
914 3604 1004 3675 Grat.
1032 3634 1063 3676 v.
1090 3618 1180 3679 etos

141 3716 281 3792 imaque
294 3710 440 3768 meratus
454 3709 557 3786 ingens
571 3711 691 3794 aequali
704 3712 755 3774 sub
771 3711 838 3774 labe
856 3717 944 3789 ruit]
965 3711 1094 3782 Wern
1103 3717 1154 3791 sd,

243 3865 273 3909 v.
287 3836 360 3902 204.
405 3840 492 3903 Dare
512 3855 644 3920 stragem
660 3842 772 3908 dicitur
786 3843 825 3909 de
842 3865 896 3925 eo,
918 3850 972 3931 qui
993 3848 1074 3914 alios
1094 3854 1180 3917 occi·

140 3948 205 4024 dit,
237 3941 343 4028 etqui
364 3940 432 4025 ipse
454 3941 622 4017 involvitur
648 3949 752 4029 stragi.
804 3947 916 4014 Florus
936 3953 978 4033 1.,
1004 3957 1075 4020 18.r
1103 3979 1180 4021 ees·

139 4052 267 4117 serrati
287 4040 468 4130 reuisurum
485 4052 755 4132 stragemquetate
772 4055 926 4119 dederunt.
973 4055 1087 4138 virgil.
1101 4057 1181 4125 eeu
