<?xml version="1.0" encoding="UTF-8"?>
<!DOCTYPE html PUBLIC "-//W3C//DTD XHTML 1.0 Transitional//EN"
    "http://www.w3.org/TR/xhtml1/DTD/xhtml1-transitional.dtd">
<html xmlns="http://www.w3.org/1999/xhtml" xml:lang="en" lang="en">
 <head>
  <title>
</title>
<meta http-equiv="Content-Type" content="text/html;charset=utf-8" />
  <meta name='ocr-system' content='tesseract 3.04.00' />
  <meta name='ocr-capabilities' content='ocr_page ocr_carea ocr_par ocr_line ocrx_word'/>
</head>
<body>
  <div class='ocr_page' id='page_1' title='image "./gratiifalisciet00stergoog_0122.png"; bbox 0 0 2686 4928; ppageno 0'>
   <div class='ocr_carea' id='block_1_1' title="bbox 112 547 1120 1963">
    <p class='ocr_par' dir='ltr' id='par_1_1' title="bbox 112 547 1120 1963">
     <span class='ocr_line' id='line_1_1' title="bbox 114 547 1120 641; baseline -0.001 -22"><span class='ocrx_word' id='word_1_1' title='bbox 114 555 152 619; x_wconf 83' lang='lat' dir='ltr'><strong>lit.</strong></span> <span class='ocrx_word' id='word_1_2' title='bbox 208 550 319 617; x_wconf 82' lang='lat' dir='ltr'><strong>Vulnus</strong></span> <span class='ocrx_word' id='word_1_3' title='bbox 326 549 438 636; x_wconf 78' lang='lat' dir='ltr'><strong>¹ipsum</strong></span> <span class='ocrx_word' id='word_1_4' title='bbox 450 551 629 614; x_wconf 69' lang='lat' dir='ltr'><strong>matum</strong></span> <span class='ocrx_word' id='word_1_5' title='bbox 641 547 813 634; x_wconf 78' lang='lat' dir='ltr'><strong>significat,</strong></span> <span class='ocrx_word' id='word_1_6' title='bbox 836 564 872 617; x_wconf 91' lang='lat' dir='ltr'><strong>ut</strong></span> <span class='ocrx_word' id='word_1_7' title='bbox 885 566 933 620; x_wconf 87' lang='lat' dir='ltr'><strong>ter</strong></span> <span class='ocrx_word' id='word_1_8' title='bbox 947 552 1032 641; x_wconf 84' lang='lat' dir='ltr'><strong>apud</strong></span> <span class='ocrx_word' id='word_1_9' title='bbox 1042 553 1120 619; x_wconf 87' lang='lat' dir='ltr'><strong>Vir-</strong></span> 
     </span>
     <span class='ocr_line' id='line_1_2' title="bbox 113 651 1118 733; baseline -0.002 -10"><span class='ocrx_word' id='word_1_10' title='bbox 113 678 176 723; x_wconf 87' lang='lat' dir='ltr'><strong>um</strong></span> <span class='ocrx_word' id='word_1_11' title='bbox 196 652 283 719; x_wconf 77' lang='lat' dir='ltr'><strong>aen.</strong></span> <span class='ocrx_word' id='word_1_12' title='bbox 305 651 368 733; x_wconf 84' lang='lat' dir='ltr'><strong>ll.,</strong></span> <span class='ocrx_word' id='word_1_13' title='bbox 393 651 469 719; x_wconf 73' lang='grc'><strong>619.</strong></span> <span class='ocrx_word' id='word_1_14' title='bbox 500 651 596 733; x_wconf 76' lang='lat' dir='ltr'><strong>vlt,</strong></span> <span class='ocrx_word' id='word_1_15' title='bbox 615 652 689 719; x_wconf 77' lang='lat'><strong>583.</strong></span> <span class='ocrx_word' id='word_1_16' title='bbox 719 652 779 733; x_wconf 69' lang='lat' dir='ltr'><strong>K,</strong></span> <span class='ocrx_word' id='word_1_17' title='bbox 806 653 878 720; x_wconf 78' lang='lat'><strong>140.</strong></span> <span class='ocrx_word' id='word_1_18' title='bbox 926 656 976 725; x_wconf 86' lang='lat' dir='ltr'><strong>lta</strong></span> <span class='ocrx_word' id='word_1_19' title='bbox 996 657 1118 725; x_wconf 84' lang='lat' dir='ltr'><strong>intelli·</strong></span> 
     </span>
     <span class='ocr_line' id='line_1_3' title="bbox 113 753 1116 840; baseline 0.004 -15"><span class='ocrx_word' id='word_1_20' title='bbox 113 759 204 825; x_wconf 71' lang='lat' dir='ltr'><strong>idum</strong></span> <span class='ocrx_word' id='word_1_21' title='bbox 221 755 343 835; x_wconf 77' lang='lat' dir='ltr'><strong>telum,</strong></span> <span class='ocrx_word' id='word_1_22' title='bbox 366 755 495 840; x_wconf 86' lang='lat' dir='ltr'><strong>quando</strong></span> <span class='ocrx_word' id='word_1_23' title='bbox 515 753 613 820; x_wconf 87' lang='lat' dir='ltr'><strong>simul</strong></span> <span class='ocrx_word' id='word_1_24' title='bbox 628 754 742 821; x_wconf 76' lang='lat' dir='ltr'><strong>vulnus</strong></span> <span class='ocrx_word' id='word_1_25' title='bbox 761 756 804 820; x_wconf 86' lang='lat' dir='ltr'><strong>ab</strong></span> <span class='ocrx_word' id='word_1_26' title='bbox 823 777 862 823; x_wconf 83' lang='lat' dir='ltr'><strong>eo</strong></span> <span class='ocrx_word' id='word_1_27' title='bbox 881 757 1002 825; x_wconf 86' lang='lat' dir='ltr'><strong>iactum</strong></span> <span class='ocrx_word' id='word_1_28' title='bbox 1023 783 1116 829; x_wconf 89' lang='lat' dir='ltr'><strong>com-</strong></span> 
     </span>
     <span class='ocr_line' id='line_1_4' title="bbox 113 856 1114 945; baseline 0.001 -16"><span class='ocrx_word' id='word_1_29' title='bbox 113 876 278 941; x_wconf 75' lang='lat' dir='ltr'><strong>mmtur,</strong></span> <span class='ocrx_word' id='word_1_30' title='bbox 303 856 431 945; x_wconf 81' lang='lat' dir='ltr'><strong>lleynio</strong></span> <span class='ocrx_word' id='word_1_31' title='bbox 450 872 580 925; x_wconf 86' lang='lat' dir='ltr'><strong>notante</strong></span> <span class='ocrx_word' id='word_1_32' title='bbox 605 857 647 924; x_wconf 87' lang='lat' dir='ltr'><strong>ad</strong></span> <span class='ocrx_word' id='word_1_33' title='bbox 666 858 754 942; x_wconf 85' lang='lat' dir='ltr'><strong>Virg.</strong></span> <span class='ocrx_word' id='word_1_34' title='bbox 778 858 798 922; x_wconf 89' lang='lat' dir='ltr'><strong>l.</strong></span> <span class='ocrx_word' id='word_1_35' title='bbox 820 858 841 924; x_wconf 94' lang='lat' dir='ltr'><strong>l.</strong></span> <span class='ocrx_word' id='word_1_36' title='bbox 883 859 1027 931; x_wconf 86' lang='lat' dir='ltr'><strong>Recurrit</strong></span> <span class='ocrx_word' id='word_1_37' title='bbox 1054 867 1114 931; x_wconf 87' lang='lat' dir='ltr'><strong>ista</strong></span> 
     </span>
     <span class='ocr_line' id='line_1_5' title="bbox 113 960 1114 1047; baseline 0.001 -16"><span class='ocrx_word' id='word_1_38' title='bbox 113 964 213 1033; x_wconf 74' lang='lat' dir='ltr'><strong>abuli</strong></span> <span class='ocrx_word' id='word_1_39' title='bbox 229 960 423 1047; x_wconf 80' lang='lat' dir='ltr'><strong>significatio</strong></span> <span class='ocrx_word' id='word_1_40' title='bbox 442 981 534 1028; x_wconf 83' lang='lat' dir='ltr'><strong>versu</strong></span> <span class='ocrx_word' id='word_1_41' title='bbox 552 965 641 1028; x_wconf 71' lang='lat' dir='ltr'><strong>ms:</strong></span> <span class='ocrx_word' id='word_1_42' title='bbox 668 963 736 1026; x_wconf 83' lang='lat' dir='ltr'><strong>Neu</strong></span> <span class='ocrx_word' id='word_1_43' title='bbox 755 965 820 1026; x_wconf 87' lang='lat' dir='ltr'><strong>leve</strong></span> <span class='ocrx_word' id='word_1_44' title='bbox 835 965 941 1029; x_wconf 85' lang='lat' dir='ltr'><strong>vulnus</strong></span> <span class='ocrx_word' id='word_1_45' title='bbox 960 980 1027 1042; x_wconf 81' lang='lat' dir='ltr'><strong>ear,</strong></span> <span class='ocrx_word' id='word_1_46' title='bbox 1055 967 1114 1032; x_wconf 89' lang='lat' dir='ltr'><strong>ubi</strong></span> 
     </span>
     <span class='ocr_line' id='line_1_6' title="bbox 113 1062 1116 1159; baseline -0.003 -22"><span class='ocrx_word' id='word_1_47' title='bbox 113 1067 336 1159; x_wconf 82' lang='lat' dir='ltr'><strong>telolrnsonus</strong></span> <span class='ocrx_word' id='word_1_48' title='bbox 347 1062 502 1131; x_wconf 78' lang='lat' dir='ltr'>intellexit</span> <span class='ocrx_word' id='word_1_49' title='bbox 516 1063 613 1129; x_wconf 85' lang='lat' dir='ltr'><strong>telum</strong></span> <span class='ocrx_word' id='word_1_50' title='bbox 626 1064 822 1131; x_wconf 84' lang='lat' dir='ltr'><strong>vulnificum.</strong></span> <span class='ocrx_word' id='word_1_51' title='bbox 863 1087 894 1132; x_wconf 77' lang='lat' dir='ltr'><strong>v.</strong></span> <span class='ocrx_word' id='word_1_52' title='bbox 903 1071 977 1134; x_wconf 88' lang='grc'><strong>110.</strong></span> <span class='ocrx_word' id='word_1_53' title='bbox 999 1068 1116 1156; x_wconf 83' lang='lat' dir='ltr'><strong>Suspi-</strong></span> 
     </span>
     <span class='ocr_line' id='line_1_7' title="bbox 124 1163 1112 1259; baseline 0.001 -24"><span class='ocrx_word' id='word_1_54' title='bbox 124 1175 298 1241; x_wconf 61' lang='lat' dir='ltr'><strong>cariem</strong></span> <span class='ocrx_word' id='word_1_55' title='bbox 314 1163 431 1233; x_wconf 80' lang='lat' dir='ltr'><strong>Gratia</strong></span> <span class='ocrx_word' id='word_1_56' title='bbox 443 1165 630 1255; x_wconf 83' lang='lat' dir='ltr'><strong>profeeium.</strong></span> <span class='ocrx_word' id='word_1_57' title='bbox 653 1171 768 1234; x_wconf 85' lang='lat' dir='ltr'><strong>subiere</strong></span> <span class='ocrx_word' id='word_1_58' title='bbox 782 1167 892 1256; x_wconf 76' lang='lat' dir='ltr'><strong>furcas</strong></span> <span class='ocrx_word' id='word_1_59' title='bbox 904 1191 964 1259; x_wconf 84' lang='lat' dir='ltr'><strong>pro</strong></span> <span class='ocrx_word' id='word_1_60' title='bbox 987 1175 1019 1235; x_wconf 85' lang='lat' dir='ltr'><strong>in</strong></span> <span class='ocrx_word' id='word_1_61' title='bbox 1034 1172 1112 1258; x_wconf 57' lang='lat' dir='ltr'><strong>fur*</strong></span> 
     </span>
     <span class='ocr_line' id='line_1_8' title="bbox 134 1269 1112 1354; baseline 0.002 -13"><span class='ocrx_word' id='word_1_62' title='bbox 134 1286 260 1341; x_wconf 62' lang='lat' dir='ltr'><strong>nmmo</strong></span> <span class='ocrx_word' id='word_1_63' title='bbox 278 1278 351 1336; x_wconf 74' lang='lat' dir='ltr'><strong>sunt</strong></span> <span class='ocrx_word' id='word_1_64' title='bbox 365 1269 487 1354; x_wconf 87' lang='lat' dir='ltr'><strong>accepit</strong></span> <span class='ocrx_word' id='word_1_65' title='bbox 500 1269 658 1339; x_wconf 88' lang='lat' dir='ltr'><strong>Bartbius.</strong></span> <span class='ocrx_word' id='word_1_66' title='bbox 698 1270 748 1338; x_wconf 90' lang='lat' dir='ltr'><strong>At</strong></span> <span class='ocrx_word' id='word_1_67' title='bbox 763 1271 852 1337; x_wconf 90' lang='lat' dir='ltr'><strong>enim</strong></span> <span class='ocrx_word' id='word_1_68' title='bbox 872 1273 919 1339; x_wconf 84' lang='lat' dir='ltr'><strong>ita</strong></span> <span class='ocrx_word' id='word_1_69' title='bbox 939 1272 1112 1343; x_wconf 89' lang='lat' dir='ltr'><strong>dicendum</strong></span> 
     </span>
     <span class='ocr_line' id='line_1_9' title="bbox 112 1373 1113 1465; baseline 0.006 -27"><span class='ocrx_word' id='word_1_70' title='bbox 112 1390 199 1445; x_wconf 70' lang='lat' dir='ltr'><strong>narr</strong></span> <span class='ocrx_word' id='word_1_71' title='bbox 221 1375 336 1463; x_wconf 67' lang='lat' dir='ltr'><strong>saraae</strong></span> <span class='ocrx_word' id='word_1_72' title='bbox 370 1374 487 1438; x_wconf 83' lang='lat' dir='ltr'><strong>subiere</strong></span> <span class='ocrx_word' id='word_1_73' title='bbox 514 1373 657 1457; x_wconf 79' lang='lat' dir='ltr'><strong>hostilia,</strong></span> <span class='ocrx_word' id='word_1_74' title='bbox 699 1374 975 1460; x_wconf 81' lang='lat' dir='ltr'><strong>quemadmodum</strong></span> <span class='ocrx_word' id='word_1_75' title='bbox 1002 1376 1113 1465; x_wconf 78' lang='lat' dir='ltr'><strong>suecos</strong></span> 
     </span>
     <span class='ocr_line' id='line_1_10' title="bbox 112 1475 1112 1559; baseline 0.004 -14"><span class='ocrx_word' id='word_1_76' title='bbox 112 1487 180 1547; x_wconf 72' lang='lat' dir='ltr'><strong>hiere</strong></span> <span class='ocrx_word' id='word_1_77' title='bbox 200 1480 359 1545; x_wconf 72' lang='lat' dir='ltr'><strong>colunnae</strong></span> <span class='ocrx_word' id='word_1_78' title='bbox 387 1475 500 1559; x_wconf 83' lang='lat' dir='ltr'><strong>legitur</strong></span> <span class='ocrx_word' id='word_1_79' title='bbox 528 1475 650 1541; x_wconf 83' lang='lat' dir='ltr'><strong>ovidio</strong></span> <span class='ocrx_word' id='word_1_80' title='bbox 672 1475 751 1545; x_wconf 82' lang='lat' dir='ltr'><strong>Met.</strong></span> <span class='ocrx_word' id='word_1_81' title='bbox 771 1476 877 1559; x_wconf 82' lang='lat' dir='ltr'><strong>Vnt,</strong></span> <span class='ocrx_word' id='word_1_82' title='bbox 904 1482 978 1549; x_wconf 85' lang='grc'><strong>701.</strong></span> <span class='ocrx_word' id='word_1_83' title='bbox 1027 1482 1112 1548; x_wconf 88' lang='lat' dir='ltr'><strong>Pro·</strong></span> 
     </span>
     <span class='ocr_line' id='line_1_11' title="bbox 112 1578 1113 1671; baseline 0.01 -30"><span class='ocrx_word' id='word_1_84' title='bbox 112 1606 174 1653; x_wconf 70' lang='lat' dir='ltr'><strong>m</strong></span> <span class='ocrx_word' id='word_1_85' title='bbox 193 1579 378 1649; x_wconf 80' lang='lat' dir='ltr'><strong>Rumauni</strong></span> <span class='ocrx_word' id='word_1_86' title='bbox 399 1578 659 1664; x_wconf 79' lang='lat' dir='ltr'><strong>explicationem:</strong></span> <span class='ocrx_word' id='word_1_87' title='bbox 693 1583 779 1662; x_wconf 70' lang='lat' dir='ltr'><strong>ligna</strong></span> <span class='ocrx_word' id='word_1_88' title='bbox 797 1586 937 1648; x_wconf 79' lang='lat' dir='ltr'><strong>venabuli</strong></span> <span class='ocrx_word' id='word_1_89' title='bbox 955 1586 1113 1671; x_wconf 54' lang='lat' dir='ltr'><strong>manilio)</strong></span> 
     </span>
     <span class='ocr_line' id='line_1_12' title="bbox 112 1681 1113 1775; baseline 0.004 -27"><span class='ocrx_word' id='word_1_90' title='bbox 112 1694 176 1755; x_wconf 72' lang='lat' dir='ltr'><strong>im</strong></span> <span class='ocrx_word' id='word_1_91' title='bbox 185 1684 303 1775; x_wconf 67' lang='lat' dir='ltr'><strong>furcas</strong></span> <span class='ocrx_word' id='word_1_92' title='bbox 314 1685 466 1763; x_wconf 65' lang='lat' dir='ltr'><strong>gennas,</strong></span> <span class='ocrx_word' id='word_1_93' title='bbox 489 1685 523 1745; x_wconf 80' lang='lat' dir='ltr'><strong>id</strong></span> <span class='ocrx_word' id='word_1_94' title='bbox 539 1696 582 1746; x_wconf 81' lang='lat' dir='ltr'><strong>est</strong></span> <span class='ocrx_word' id='word_1_95' title='bbox 591 1681 680 1767; x_wconf 78' lang='lat' dir='ltr'><strong>suere</strong></span> <span class='ocrx_word' id='word_1_96' title='bbox 695 1688 748 1748; x_wconf 88' lang='lat' dir='ltr'><strong>sub</strong></span> <span class='ocrx_word' id='word_1_97' title='bbox 756 1683 865 1766; x_wconf 62' lang='lat' dir='ltr'><strong>suram.</strong></span> <span class='ocrx_word' id='word_1_98' title='bbox 909 1687 1019 1772; x_wconf 86' lang='lat' dir='ltr'><strong>ltaque</strong></span> <span class='ocrx_word' id='word_1_99' title='bbox 1033 1690 1113 1773; x_wconf 48' lang='lat' dir='ltr'><strong>snm,</strong></span> 
     </span>
     <span class='ocr_line' id='line_1_13' title="bbox 121 1785 1110 1879; baseline 0.006 -27"><span class='ocrx_word' id='word_1_100' title='bbox 121 1790 381 1879; x_wconf 66' lang='lat' dir='ltr'><strong>superimpositae</strong></span> <span class='ocrx_word' id='word_1_101' title='bbox 399 1787 553 1851; x_wconf 80' lang='lat' dir='ltr'><strong>venabulis</strong></span> <span class='ocrx_word' id='word_1_102' title='bbox 569 1799 646 1849; x_wconf 81' lang='lat' dir='ltr'><strong>sunt.</strong></span> <span class='ocrx_word' id='word_1_103' title='bbox 693 1788 837 1849; x_wconf 78' lang='lat' dir='ltr'><strong>Geminae</strong></span> <span class='ocrx_word' id='word_1_104' title='bbox 848 1785 960 1872; x_wconf 77' lang='lat' dir='ltr'><strong>furcae</strong></span> <span class='ocrx_word' id='word_1_105' title='bbox 979 1803 1030 1856; x_wconf 85' lang='lat' dir='ltr'><strong>ut:</strong></span> <span class='ocrx_word' id='word_1_106' title='bbox 1051 1816 1110 1872; x_wconf 68' lang='lat' dir='ltr'><strong>ge-</strong></span> 
     </span>
     <span class='ocr_line' id='line_1_14' title="bbox 112 1890 433 1963; baseline -0.012 -2"><span class='ocrx_word' id='word_1_107' title='bbox 112 1900 150 1963; x_wconf 71' lang='lat' dir='ltr'><strong>tis</strong></span> <span class='ocrx_word' id='word_1_108' title='bbox 164 1894 324 1961; x_wconf 68' lang='lat' dir='ltr'><strong>naribus</strong></span> <span class='ocrx_word' id='word_1_109' title='bbox 336 1910 367 1957; x_wconf 83' lang='lat' dir='ltr'><strong>r.</strong></span> <span class='ocrx_word' id='word_1_110' title='bbox 379 1890 433 1957; x_wconf 82' lang='grc'><strong>06.</strong></span> 
     </span>
    </p>
   </div>
   <div class='ocr_carea' id='block_1_2' title="bbox 111 2058 1108 2466">
    <p class='ocr_par' dir='ltr' id='par_1_2' title="bbox 111 2058 1108 2466">
     <span class='ocr_line' id='line_1_15' title="bbox 167 2058 1108 2141; baseline 0.003 -8"><span class='ocrx_word' id='word_1_111' title='bbox 167 2088 201 2137; x_wconf 77' lang='lat' dir='ltr'><strong>r.</strong></span> <span class='ocrx_word' id='word_1_112' title='bbox 225 2066 297 2133; x_wconf 78' lang='lat'><strong>112</strong></span> <span class='ocrx_word' id='word_1_113' title='bbox 321 2061 499 2129; x_wconf 71' lang='lat' dir='ltr'><strong>claruerunt.</strong></span> <span class='ocrx_word' id='word_1_114' title='bbox 542 2058 634 2124; x_wconf 87' lang='lat' dir='ltr'><strong>Idem</strong></span> <span class='ocrx_word' id='word_1_115' title='bbox 657 2071 721 2141; x_wconf 85' lang='lat' dir='ltr'><strong>est,</strong></span> <span class='ocrx_word' id='word_1_116' title='bbox 749 2081 789 2128; x_wconf 83' lang='lat' dir='ltr'><strong>ac</strong></span> <span class='ocrx_word' id='word_1_117' title='bbox 811 2064 839 2128; x_wconf 90' lang='lat' dir='ltr'><strong>si</strong></span> <span class='ocrx_word' id='word_1_118' title='bbox 861 2063 1005 2134; x_wconf 79' lang='lat' dir='ltr'><strong>dixisset:</strong></span> <span class='ocrx_word' id='word_1_119' title='bbox 1035 2069 1108 2137; x_wconf 88' lang='lat' dir='ltr'><strong>totis</strong></span> 
     </span>
     <span class='ocr_line' id='line_1_16' title="bbox 111 2164 1105 2256; baseline 0.008 -23"><span class='ocrx_word' id='word_1_120' title='bbox 111 2180 244 2239; x_wconf 71' lang='lat' dir='ltr'><strong>mmor</strong></span> <span class='ocrx_word' id='word_1_121' title='bbox 256 2164 383 2233; x_wconf 81' lang='lat' dir='ltr'><strong>orbibus</strong></span> <span class='ocrx_word' id='word_1_122' title='bbox 398 2185 495 2231; x_wconf 83' lang='lat' dir='ltr'><strong>enses.</strong></span> <span class='ocrx_word' id='word_1_123' title='bbox 540 2165 666 2227; x_wconf 82' lang='lat' dir='ltr'><strong>Ensibus</strong></span> <span class='ocrx_word' id='word_1_124' title='bbox 679 2165 787 2229; x_wconf 90' lang='lat' dir='ltr'><strong>tertius</strong></span> <span class='ocrx_word' id='word_1_125' title='bbox 804 2187 895 2233; x_wconf 89' lang='lat' dir='ltr'><strong>casus</strong></span> <span class='ocrx_word' id='word_1_126' title='bbox 916 2171 987 2256; x_wconf 72' lang='lat' dir='ltr'><strong>ese]</strong></span> <span class='ocrx_word' id='word_1_127' title='bbox 1004 2171 1105 2242; x_wconf 87' lang='lat' dir='ltr'><strong>Ulit.</strong></span> 
     </span>
     <span class='ocr_line' id='line_1_17' title="bbox 111 2255 1108 2361; baseline 0 -25"><span class='ocrx_word' id='word_1_128' title='bbox 111 2290 155 2343; x_wconf 57' lang='grc' dir='ltr'><strong>πο</strong></span> <span class='ocrx_word' id='word_1_129' title='bbox 169 2272 249 2361; x_wconf 71' lang='lat' dir='ltr'><strong>[ipsa</strong></span> <span class='ocrx_word' id='word_1_130' title='bbox 264 2271 447 2336; x_wconf 85' lang='lat' dir='ltr'><strong>obscuriora</strong></span> <span class='ocrx_word' id='word_1_131' title='bbox 463 2265 589 2350; x_wconf 87' lang='lat' dir='ltr'><strong>protulit</strong></span> <span class='ocrx_word' id='word_1_132' title='bbox 604 2263 735 2332; x_wconf 88' lang='lat' dir='ltr'><strong>Ulitius.</strong></span> <span class='ocrx_word' id='word_1_133' title='bbox 778 2264 893 2334; x_wconf 83' lang='lat' dir='ltr'><strong>Verius</strong></span> <span class='ocrx_word' id='word_1_134' title='bbox 905 2255 1108 2344; x_wconf 74' lang='lat' dir='ltr'><strong>Burmannus</strong></span> 
     </span>
     <span class='ocr_line' id='line_1_18' title="bbox 111 2365 1106 2466; baseline 0.003 -25"><span class='ocrx_word' id='word_1_135' title='bbox 111 2366 215 2466; x_wconf 81' lang='lat' dir='ltr'><strong>putat,</strong></span> <span class='ocrx_word' id='word_1_136' title='bbox 232 2373 292 2441; x_wconf 83' lang='lat' dir='ltr'><strong>aad</strong></span> <span class='ocrx_word' id='word_1_137' title='bbox 306 2370 485 2437; x_wconf 84' lang='lat' dir='ltr'><strong>incredibili</strong></span> <span class='ocrx_word' id='word_1_138' title='bbox 499 2370 587 2433; x_wconf 92' lang='lat' dir='ltr'><strong>idem</strong></span> <span class='ocrx_word' id='word_1_139' title='bbox 602 2365 798 2433; x_wconf 78' lang='lat' dir='ltr'><strong>verbositate.</strong></span> <span class='ocrx_word' id='word_1_140' title='bbox 839 2367 915 2435; x_wconf 84' lang='lat' dir='ltr'><strong>Post</strong></span> <span class='ocrx_word' id='word_1_141' title='bbox 928 2377 1106 2460; x_wconf 85' lang='lat' dir='ltr'><strong>cuspidem,</strong></span> 
     </span>
    </p>
   </div>
   <div class='ocr_carea' id='block_1_3' title="bbox 110 2464 1108 2972">
    <p class='ocr_par' dir='ltr' id='par_1_3' title="bbox 110 2464 1108 2972">
     <span class='ocr_line' id='line_1_19' title="bbox 111 2464 1108 2566; baseline -0.003 -27"><span class='ocrx_word' id='word_1_142' title='bbox 111 2481 194 2549; x_wconf 66' lang='lat' dir='ltr'><strong>atine</strong></span> <span class='ocrx_word' id='word_1_143' title='bbox 204 2478 264 2561; x_wconf 75' lang='lat' dir='ltr'><strong>ait,</strong></span> <span class='ocrx_word' id='word_1_144' title='bbox 289 2473 477 2543; x_wconf 84' lang='lat' dir='ltr'><strong>addiderunt</strong></span> <span class='ocrx_word' id='word_1_145' title='bbox 492 2464 749 2558; x_wconf 85' lang='lat' dir='ltr'><strong>circumpositum</strong></span> <span class='ocrx_word' id='word_1_146' title='bbox 763 2470 866 2538; x_wconf 85' lang='lat' dir='ltr'><strong>hastili</strong></span> <span class='ocrx_word' id='word_1_147' title='bbox 879 2474 990 2543; x_wconf 89' lang='lat' dir='ltr'><strong>orbem</strong></span> <span class='ocrx_word' id='word_1_148' title='bbox 1005 2477 1108 2566; x_wconf 76' lang='lat' dir='ltr'><strong>ligne.</strong></span> 
     </span>
     <span class='ocr_line' id='line_1_20' title="bbox 111 2575 1105 2670; baseline -0.002 -23"><span class='ocrx_word' id='word_1_149' title='bbox 111 2608 120 2651; x_wconf 88' lang='grc' dir='ltr'>ι</span> <span class='ocrx_word' id='word_1_150' title='bbox 144 2578 194 2647; x_wconf 75' lang='lat' dir='ltr'><strong>rel</strong></span> <span class='ocrx_word' id='word_1_151' title='bbox 215 2579 378 2658; x_wconf 80' lang='lat' dir='ltr'><strong>ferreum,</strong></span> <span class='ocrx_word' id='word_1_152' title='bbox 410 2591 441 2640; x_wconf 90' lang='lat' dir='ltr'><strong>et</strong></span> <span class='ocrx_word' id='word_1_153' title='bbox 461 2575 569 2640; x_wconf 90' lang='lat' dir='ltr'><strong>multis</strong></span> <span class='ocrx_word' id='word_1_154' title='bbox 595 2575 773 2641; x_wconf 89' lang='lat' dir='ltr'><strong>minoribus</strong></span> <span class='ocrx_word' id='word_1_155' title='bbox 800 2578 995 2664; x_wconf 86' lang='lat' dir='ltr'><strong>cuspidibus,</strong></span> <span class='ocrx_word' id='word_1_156' title='bbox 1025 2607 1105 2670; x_wconf 79' lang='lat' dir='ltr'><strong>quos</strong></span> 
     </span>
     <span class='ocr_line' id='line_1_21' title="bbox 110 2679 1106 2764; baseline -0.009 -13"><span class='ocrx_word' id='word_1_157' title='bbox 110 2709 143 2753; x_wconf 82' lang='lat' dir='ltr'><strong>er</strong></span> <span class='ocrx_word' id='word_1_158' title='bbox 155 2697 269 2763; x_wconf 75' lang='lat' dir='ltr'><strong>vocal,</strong></span> <span class='ocrx_word' id='word_1_159' title='bbox 289 2683 509 2755; x_wconf 87' lang='lat' dir='ltr'><strong>muniverunt,</strong></span> <span class='ocrx_word' id='word_1_160' title='bbox 531 2679 576 2745; x_wconf 87' lang='lat' dir='ltr'><strong>ita</strong></span> <span class='ocrx_word' id='word_1_161' title='bbox 594 2693 629 2742; x_wconf 91' lang='lat' dir='ltr'><strong>ut</strong></span> <span class='ocrx_word' id='word_1_162' title='bbox 641 2679 734 2764; x_wconf 84' lang='lat' dir='ltr'><strong>plura</strong></span> <span class='ocrx_word' id='word_1_163' title='bbox 748 2679 844 2744; x_wconf 90' lang='lat' dir='ltr'><strong>simul</strong></span> <span class='ocrx_word' id='word_1_164' title='bbox 863 2681 995 2751; x_wconf 86' lang='lat' dir='ltr'><strong>vulnera</strong></span> <span class='ocrx_word' id='word_1_165' title='bbox 1014 2686 1106 2754; x_wconf 78' lang='lat' dir='ltr'><strong>infli-</strong></span> 
     </span>
     <span class='ocr_line' id='line_1_22' title="bbox 110 2772 1105 2869; baseline 0.007 -21"><span class='ocrx_word' id='word_1_166' title='bbox 110 2772 220 2869; x_wconf 69' lang='lat' dir='ltr'><strong>mtnr,</strong></span> <span class='ocrx_word' id='word_1_167' title='bbox 248 2805 290 2852; x_wconf 89' lang='lat' dir='ltr'><strong>ne</strong></span> <span class='ocrx_word' id='word_1_168' title='bbox 306 2805 411 2850; x_wconf 84' lang='lat' dir='ltr'><strong>massa</strong></span> <span class='ocrx_word' id='word_1_169' title='bbox 431 2783 488 2847; x_wconf 86' lang='lat' dir='ltr'><strong>illa</strong></span> <span class='ocrx_word' id='word_1_170' title='bbox 507 2779 671 2863; x_wconf 83' lang='lat' dir='ltr'><strong>venabuli,</strong></span> <span class='ocrx_word' id='word_1_171' title='bbox 700 2780 779 2844; x_wconf 85' lang='lat' dir='ltr'><strong>alias</strong></span> <span class='ocrx_word' id='word_1_172' title='bbox 798 2786 893 2858; x_wconf 83' lang='lat' dir='ltr'><strong>iners,</strong></span> <span class='ocrx_word' id='word_1_173' title='bbox 921 2805 1052 2856; x_wconf 80' lang='lat' dir='ltr'><strong>cessaret</strong></span> <span class='ocrx_word' id='word_1_174' title='bbox 1071 2806 1105 2860; x_wconf 85' lang='lat' dir='ltr'><strong>et</strong></span> 
     </span>
     <span class='ocr_line' id='line_1_23' title="bbox 110 2880 1104 2972; baseline -0.003 -16"><span class='ocrx_word' id='word_1_175' title='bbox 110 2904 238 2971; x_wconf 71' lang='lat' dir='ltr'><strong>matur</strong></span> <span class='ocrx_word' id='word_1_176' title='bbox 251 2889 393 2956; x_wconf 84' lang='lat' dir='ltr'><strong>caedem.</strong></span> <span class='ocrx_word' id='word_1_177' title='bbox 436 2887 546 2972; x_wconf 87' lang='lat' dir='ltr'><strong>ltaque</strong></span> <span class='ocrx_word' id='word_1_178' title='bbox 559 2886 699 2948; x_wconf 82' lang='lat' dir='ltr'><strong>claudere</strong></span> <span class='ocrx_word' id='word_1_179' title='bbox 713 2896 758 2948; x_wconf 87' lang='lat' dir='ltr'><strong>est</strong></span> <span class='ocrx_word' id='word_1_180' title='bbox 778 2887 809 2944; x_wconf 92' lang='lat' dir='ltr'><strong>in</strong></span> <span class='ocrx_word' id='word_1_181' title='bbox 812 2881 882 2968; x_wconf 81' lang='lat' dir='ltr'><strong>fine</strong></span> <span class='ocrx_word' id='word_1_182' title='bbox 895 2890 1018 2958; x_wconf 83' lang='lat' dir='ltr'><strong>addere.</strong></span> <span class='ocrx_word' id='word_1_183' title='bbox 1045 2880 1104 2963; x_wconf 76' lang='lat' dir='ltr'><strong>tir.</strong></span> 
     </span>
    </p>
   </div>
   <div class='ocr_carea' id='block_1_4' title="bbox 110 3000 159 3065">
    <p class='ocr_par' dir='ltr' id='par_1_4' title="bbox 110 3000 159 3065">
     <span class='ocr_line' id='line_1_24' title="bbox 110 3000 159 3065; baseline 0 0"><span class='ocrx_word' id='word_1_184' title='bbox 110 3000 159 3065; x_wconf 72' lang='lat'><strong>&gt;2-</strong></span> 
     </span>
    </p>
   </div>
   <div class='ocr_carea' id='block_1_5' title="bbox 109 3136 1104 3655">
    <p class='ocr_par' dir='ltr' id='par_1_5' title="bbox 109 3136 1104 3655">
     <span class='ocr_line' id='line_1_25' title="bbox 152 3136 1103 3232; baseline 0.003 -17"><span class='ocrx_word' id='word_1_185' title='bbox 152 3136 190 3215; x_wconf 70' lang='lat' dir='ltr'><strong>&#39;v.</strong></span> <span class='ocrx_word' id='word_1_186' title='bbox 214 3143 288 3212; x_wconf 84' lang='lat'><strong>114.</strong></span> <span class='ocrx_word' id='word_1_187' title='bbox 338 3142 427 3209; x_wconf 85' lang='lat' dir='ltr'><strong>Male</strong></span> <span class='ocrx_word' id='word_1_188' title='bbox 462 3139 742 3228; x_wconf 86' lang='lat' dir='ltr'><strong>interpungebatur</strong></span> <span class='ocrx_word' id='word_1_189' title='bbox 774 3139 853 3207; x_wconf 90' lang='lat' dir='ltr'><strong>olim</strong></span> <span class='ocrx_word' id='word_1_190' title='bbox 881 3159 952 3232; x_wconf 90' lang='lat' dir='ltr'><strong>post</strong></span> <span class='ocrx_word' id='word_1_191' title='bbox 983 3148 1103 3219; x_wconf 80' lang='lat' dir='ltr'><strong>ibidem.</strong></span> 
     </span>
     <span class='ocr_line' id='line_1_26' title="bbox 110 3246 1104 3343; baseline -0.006 -20"><span class='ocrx_word' id='word_1_192' title='bbox 110 3268 154 3323; x_wconf 85' lang='lat' dir='ltr'><strong>:te</strong></span> <span class='ocrx_word' id='word_1_193' title='bbox 174 3247 324 3318; x_wconf 83' lang='lat' dir='ltr'><strong>distinxit</strong></span> <span class='ocrx_word' id='word_1_194' title='bbox 349 3247 446 3314; x_wconf 84' lang='lat' dir='ltr'><strong>verba</strong></span> <span class='ocrx_word' id='word_1_195' title='bbox 468 3246 683 3311; x_wconf 83' lang='lat' dir='ltr'><strong>Burmannus.</strong></span> <span class='ocrx_word' id='word_1_196' title='bbox 726 3246 764 3308; x_wconf 89' lang='lat' dir='ltr'><strong>ln</strong></span> <span class='ocrx_word' id='word_1_197' title='bbox 782 3250 888 3313; x_wconf 83' lang='lat' dir='ltr'><strong>eadem</strong></span> <span class='ocrx_word' id='word_1_198' title='bbox 908 3272 958 3328; x_wconf 84' lang='lat' dir='ltr'><strong>re,</strong></span> <span class='ocrx_word' id='word_1_199' title='bbox 988 3253 1104 3343; x_wconf 76' lang='lat' dir='ltr'><strong>inquit,</strong></span> 
     </span>
     <span class='ocr_line' id='line_1_27' title="bbox 109 3346 1103 3434; baseline 0.007 -17"><span class='ocrx_word' id='word_1_200' title='bbox 109 3384 121 3425; x_wconf 80' lang='grc'><strong>.</strong></span> <span class='ocrx_word' id='word_1_201' title='bbox 150 3369 185 3422; x_wconf 62' lang='grc' dir='ltr'><strong>ιι</strong></span> <span class='ocrx_word' id='word_1_202' title='bbox 213 3357 340 3418; x_wconf 70' lang='lat' dir='ltr'><strong>nemum</strong></span> <span class='ocrx_word' id='word_1_203' title='bbox 367 3354 567 3434; x_wconf 74' lang='lat' dir='ltr'><strong>periculosum</strong></span> <span class='ocrx_word' id='word_1_204' title='bbox 598 3362 650 3413; x_wconf 82' lang='lat' dir='ltr'><strong>est.</strong></span> <span class='ocrx_word' id='word_1_205' title='bbox 694 3347 803 3433; x_wconf 74' lang='lat' dir='ltr'><strong>toque</strong></span> <span class='ocrx_word' id='word_1_206' title='bbox 825 3356 934 3417; x_wconf 67' lang='lat' dir='ltr'><strong>tenuem</strong></span> <span class='ocrx_word' id='word_1_207' title='bbox 957 3346 1042 3422; x_wconf 64' lang='grc' dir='ltr'><strong>νοω</strong></span> <span class='ocrx_word' id='word_1_208' title='bbox 1056 3373 1103 3424; x_wconf 69' lang='lat' dir='ltr'><strong>est</strong></span> 
     </span>
     <span class='ocr_line' id='line_1_28' title="bbox 109 3449 1103 3545; baseline 0.002 -21"><span class='ocrx_word' id='word_1_209' title='bbox 109 3458 248 3528; x_wconf 83' lang='lat' dir='ltr'><strong>endum.</strong></span> <span class='ocrx_word' id='word_1_210' title='bbox 295 3452 497 3539; x_wconf 86' lang='lat' dir='ltr'><strong>Explicatum</strong></span> <span class='ocrx_word' id='word_1_211' title='bbox 527 3452 624 3518; x_wconf 83' lang='lat' dir='ltr'><strong>habes</strong></span> <span class='ocrx_word' id='word_1_212' title='bbox 650 3451 747 3535; x_wconf 82' lang='lat' dir='ltr'><strong>igitur</strong></span> <span class='ocrx_word' id='word_1_213' title='bbox 773 3449 961 3520; x_wconf 87' lang='lat' dir='ltr'><strong>Ciceronem</strong></span> <span class='ocrx_word' id='word_1_214' title='bbox 984 3479 1030 3526; x_wconf 89' lang='lat' dir='ltr'><strong>or.</strong></span> <span class='ocrx_word' id='word_1_215' title='bbox 1053 3481 1103 3545; x_wconf 88' lang='lat' dir='ltr'><strong>pr.</strong></span> 
     </span>
     <span class='ocr_line' id='line_1_29' title="bbox 109 3555 1014 3655; baseline -0.003 -27"><span class='ocrx_word' id='word_1_216' title='bbox 109 3586 146 3632; x_wconf 71' lang='lat' dir='ltr'><strong>ec.</strong></span> <span class='ocrx_word' id='word_1_217' title='bbox 160 3584 188 3628; x_wconf 90' lang='lat' dir='ltr'><strong>c.</strong></span> <span class='ocrx_word' id='word_1_218' title='bbox 203 3563 254 3626; x_wconf 85' lang='lat'><strong>9.:</strong></span> <span class='ocrx_word' id='word_1_219' title='bbox 277 3561 380 3624; x_wconf 84' lang='lat' dir='ltr'><strong>Laesit</strong></span> <span class='ocrx_word' id='word_1_220' title='bbox 394 3565 425 3621; x_wconf 92' lang='lat' dir='ltr'><strong>in</strong></span> <span class='ocrx_word' id='word_1_221' title='bbox 440 3561 661 3655; x_wconf 19' lang='lat' dir='ltr'><strong>eotcaecinam,</strong></span> <span class='ocrx_word' id='word_1_222' title='bbox 680 3555 848 3620; x_wconf 81' lang='lat' dir='ltr'><strong>subleuauit</strong></span> <span class='ocrx_word' id='word_1_223' title='bbox 861 3561 1014 3626; x_wconf 83' lang='lat' dir='ltr'><strong>ibidem.</strong></span> 
     </span>
    </p>
   </div>
   <div class='ocr_carea' id='block_1_6' title="bbox 109 3700 1102 3904">
    <p class='ocr_par' dir='ltr' id='par_1_6' title="bbox 109 3700 1102 3904">
     <span class='ocr_line' id='line_1_30' title="bbox 156 3700 1102 3801; baseline 0.004 -21"><span class='ocrx_word' id='word_1_224' title='bbox 156 3738 190 3780; x_wconf 79' lang='lat' dir='ltr'><strong>v.</strong></span> <span class='ocrx_word' id='word_1_225' title='bbox 212 3717 284 3782; x_wconf 89' lang='grc'><strong>116.</strong></span> <span class='ocrx_word' id='word_1_226' title='bbox 299 3700 452 3801; x_wconf 78' lang='lat' dir='ltr'><strong>ferlinant</strong></span> <span class='ocrx_word' id='word_1_227' title='bbox 465 3716 562 3778; x_wconf 84' lang='lat' dir='ltr'><strong>usibus</strong></span> <span class='ocrx_word' id='word_1_228' title='bbox 574 3733 681 3776; x_wconf 88' lang='lat' dir='ltr'><strong>omnes.</strong></span> <span class='ocrx_word' id='word_1_229' title='bbox 727 3708 921 3794; x_wconf 83' lang='lat' dir='ltr'><strong>Discedunt,</strong></span> <span class='ocrx_word' id='word_1_230' title='bbox 942 3712 1062 3782; x_wconf 84' lang='lat' dir='ltr'><strong>abeunt</strong></span> <span class='ocrx_word' id='word_1_231' title='bbox 1081 3739 1102 3784; x_wconf 87' lang='lat' dir='ltr'><strong>a</strong></span> 
     </span>
     <span class='ocr_line' id='line_1_31' title="bbox 109 3816 406 3904; baseline -0.017 -16"><span class='ocrx_word' id='word_1_232' title='bbox 109 3817 240 3904; x_wconf 65' lang='lat' dir='ltr'><strong>musa]</strong></span> <span class='ocrx_word' id='word_1_233' title='bbox 260 3816 406 3885; x_wconf 82' lang='lat' dir='ltr'><strong>Titius.</strong></span> 
     </span>
    </p>
   </div>
   <div class='ocr_carea' id='block_1_7' title="bbox 154 3970 1102 4056">
    <p class='ocr_par' dir='ltr' id='par_1_7' title="bbox 154 3970 1102 4056">
     <span class='ocr_line' id='line_1_32' title="bbox 154 3970 1102 4056; baseline -0.003 -17"><span class='ocrx_word' id='word_1_234' title='bbox 154 3998 188 4041; x_wconf 79' lang='lat' dir='ltr'><strong>s.</strong></span> <span class='ocrx_word' id='word_1_235' title='bbox 215 3976 290 4043; x_wconf 83' lang='lat'><strong>117.</strong></span> <span class='ocrx_word' id='word_1_236' title='bbox 332 3974 569 4039; x_wconf 88' lang='lat' dir='ltr'><strong>Enumerantur</strong></span> <span class='ocrx_word' id='word_1_237' title='bbox 596 3972 686 4035; x_wconf 82' lang='lat' dir='ltr'><strong>varia</strong></span> <span class='ocrx_word' id='word_1_238' title='bbox 713 3970 948 4037; x_wconf 87' lang='lat' dir='ltr'><strong>venabulorum</strong></span> <span class='ocrx_word' id='word_1_239' title='bbox 978 3992 1102 4056; x_wconf 83' lang='lat' dir='ltr'><strong>genera.</strong></span> 
     </span>
    </p>
   </div>
   <div class='ocr_carea' id='block_1_8' title="bbox 108 4072 1103 4238">
    <p class='ocr_par' dir='ltr' id='par_1_8' title="bbox 108 4072 1103 4238">
     <span class='ocr_line' id='line_1_33' title="bbox 108 4072 1103 4160; baseline -0.01 -16"><span class='ocrx_word' id='word_1_240' title='bbox 108 4095 166 4151; x_wconf 66' lang='lat' dir='ltr'><strong>aas</strong></span> <span class='ocrx_word' id='word_1_241' title='bbox 189 4084 348 4146; x_wconf 76' lang='lat' dir='ltr'><strong>immersos</strong></span> <span class='ocrx_word' id='word_1_242' title='bbox 368 4090 459 4143; x_wconf 84' lang='lat' dir='ltr'><strong>vocat</strong></span> <span class='ocrx_word' id='word_1_243' title='bbox 481 4075 585 4143; x_wconf 83' lang='lat' dir='ltr'><strong>hastas</strong></span> <span class='ocrx_word' id='word_1_244' title='bbox 606 4072 846 4155; x_wconf 76' lang='lat' dir='ltr'><strong>Macedonicas,</strong></span> <span class='ocrx_word' id='word_1_245' title='bbox 875 4075 961 4160; x_wconf 85' lang='lat' dir='ltr'><strong>quod</strong></span> <span class='ocrx_word' id='word_1_246' title='bbox 979 4096 1103 4145; x_wconf 65' lang='lat' dir='ltr'><strong>mma</strong></span> 
     </span>
     <span class='ocr_line' id='line_1_34' title="bbox 708 4173 771 4238; baseline 0 -26"><span class='ocrx_word' id='word_1_247' title='bbox 708 4173 730 4238; x_wconf 77' lang='grc'><strong>6</strong></span> <span class='ocrx_word' id='word_1_248' title='bbox 750 4175 771 4212; x_wconf 77' lang='lat' dir='ltr'><strong>il·</strong></span> 
     </span>
    </p>
   </div>
   <div class='ocr_carea' id='block_1_9' title="bbox 0 0 1348 4928">
    <p class='ocr_par' dir='ltr' id='par_1_9' title="bbox 0 0 1348 4928">
     <span class='ocr_line' id='line_1_35' title="bbox 0 0 1348 4928; baseline 0 2"><span class='ocrx_word' id='word_1_249' title='bbox 0 0 1348 4928; x_wconf 95' lang='lat' dir='ltr'><strong> </strong></span> 
     </span>
    </p>
   </div>
  </div>
 </body>
</html>
