<?xml version="1.0" encoding="UTF-8"?>
<!DOCTYPE html PUBLIC "-//W3C//DTD XHTML 1.0 Transitional//EN"
    "http://www.w3.org/TR/xhtml1/DTD/xhtml1-transitional.dtd">
<html xmlns="http://www.w3.org/1999/xhtml" xml:lang="en" lang="en">
 <head>
  <title>
</title>
<meta http-equiv="Content-Type" content="text/html;charset=utf-8" />
  <meta name='ocr-system' content='tesseract 3.04.00' />
  <meta name='ocr-capabilities' content='ocr_page ocr_carea ocr_par ocr_line ocrx_word'/>
</head>
<body>
  <div class='ocr_page' id='page_1' title='image "./gratiifalisciet00stergoog_0090.png"; bbox 0 0 2686 4928; ppageno 0'>
   <div class='ocr_carea' id='block_1_1' title="bbox 93 1017 1185 1374">
    <p class='ocr_par' dir='ltr' id='par_1_1' title="bbox 93 1017 1185 1374">
     <span class='ocr_line' id='line_1_1' title="bbox 93 1017 1185 1210; baseline 0.011 -66"><span class='ocrx_word' id='word_1_1' title='bbox 93 1105 107 1210; x_wconf 61' lang='lat'>3</span> <span class='ocrx_word' id='word_1_2' title='bbox 266 1017 1069 1151; x_wconf 75' lang='lat' dir='ltr'>commnurnrtouus</span> <span class='ocrx_word' id='word_1_3' title='bbox 1153 1017 1185 1156; x_wconf 76' lang='lat' dir='ltr'>J]</span> 
     </span>
     <span class='ocr_line' id='line_1_2' title="bbox 93 1247 506 1374; baseline 0.023 -80"><span class='ocrx_word' id='word_1_4' title='bbox 93 1247 194 1374; x_wconf 46' lang='lat' dir='ltr'>m</span> <span class='ocrx_word' id='word_1_5' title='bbox 497 1255 506 1268; x_wconf 79' lang='lat'>·-</span> 
     </span>
    </p>
   </div>
   <div class='ocr_carea' id='block_1_2' title="bbox 93 1398 1188 1848">
    <p class='ocr_par' dir='ltr' id='par_1_2' title="bbox 93 1398 1191 1848">
     <span class='ocr_line' id='line_1_3' title="bbox 538 1398 929 1467; baseline 0.021 -4"><span class='ocrx_word' id='word_1_6' title='bbox 538 1398 802 1467; x_wconf 72' lang='lat' dir='ltr'><strong>GRATII</strong></span> <span class='ocrx_word' id='word_1_7' title='bbox 926 1431 929 1440; x_wconf 94' lang='lat'>·</span> 
     </span>
     <span class='ocr_line' id='line_1_4' title="bbox 93 1525 1188 1848; baseline 0.018 -209"><span class='ocrx_word' id='word_1_8' title='bbox 93 1537 598 1848; x_wconf 45' lang='lat' dir='ltr'><strong>B‘GARMINE</strong></span> <span class='ocrx_word' id='word_1_9' title='bbox 657 1525 1188 1672; x_wconf 61' lang='lat' dir='ltr'>venerico}</span> 
     </span>
    </p>
   </div>
   <div class='ocr_carea' id='block_1_3' title="bbox 467 1800 873 1823">
    <p class='ocr_par' dir='ltr' id='par_1_3' title="bbox 467 1800 873 1823">
     <span class='ocr_line' id='line_1_5' title="bbox 467 1800 873 1823; baseline 0.002 -7"><span class='ocrx_word' id='word_1_10' title='bbox 467 1800 845 1823; x_wconf 57' lang='grc' dir='ltr'>μ-Ὗ--ιι--ω-</span> <span class='ocrx_word' id='word_1_11' title='bbox 857 1804 873 1813; x_wconf 83' lang='grc'><strong>-</strong></span> 
     </span>
    </p>
   </div>
   <div class='ocr_carea' id='block_1_4' title="bbox 138 2028 1192 2566">
    <p class='ocr_par' dir='ltr' id='par_1_4' title="bbox 138 2028 1192 2566">
     <span class='ocr_line' id='line_1_6' title="bbox 146 2028 1191 2158; baseline 0.008 -25"><span class='ocrx_word' id='word_1_12' title='bbox 146 2028 292 2136; x_wconf 81' lang='lat' dir='ltr'>Prima</span> <span class='ocrx_word' id='word_1_13' title='bbox 308 2086 379 2153; x_wconf 87' lang='lat' dir='ltr'>pars</span> <span class='ocrx_word' id='word_1_14' title='bbox 394 2068 536 2131; x_wconf 75' lang='lat' dir='ltr'>carminis</span> <span class='ocrx_word' id='word_1_15' title='bbox 560 2067 600 2131; x_wconf 86' lang='lat' dir='ltr'>de</span> <span class='ocrx_word' id='word_1_16' title='bbox 622 2089 786 2132; x_wconf 86' lang='lat' dir='ltr'>armorum</span> <span class='ocrx_word' id='word_1_17' title='bbox 807 2090 865 2133; x_wconf 90' lang='lat' dir='ltr'>usu</span> <span class='ocrx_word' id='word_1_18' title='bbox 887 2068 1104 2137; x_wconf 83' lang='lat' dir='ltr'>venaticorum</span> <span class='ocrx_word' id='word_1_19' title='bbox 1125 2076 1191 2158; x_wconf 77' lang='lat' dir='ltr'>agit.</span> 
     </span>
     <span class='ocr_line' id='line_1_7' title="bbox 143 2171 1191 2261; baseline 0.002 -19"><span class='ocrx_word' id='word_1_20' title='bbox 143 2176 364 2256; x_wconf 86' lang='lat' dir='ltr'>omniumque</span> <span class='ocrx_word' id='word_1_21' title='bbox 388 2171 668 2235; x_wconf 71' lang='lat' dir='ltr'>instrumentorum</span> <span class='ocrx_word' id='word_1_22' title='bbox 700 2174 735 2234; x_wconf 91' lang='lat' dir='ltr'>in</span> <span class='ocrx_word' id='word_1_23' title='bbox 766 2172 827 2233; x_wconf 88' lang='lat' dir='ltr'>hoc</span> <span class='ocrx_word' id='word_1_24' title='bbox 861 2194 975 2252; x_wconf 75' lang='lat' dir='ltr'>genere</span> <span class='ocrx_word' id='word_1_25' title='bbox 1003 2196 1191 2261; x_wconf 84' lang='lat' dir='ltr'>apparatum</span> 
     </span>
     <span class='ocr_line' id='line_1_8' title="bbox 138 2272 1189 2365; baseline -0.002 -18"><span class='ocrx_word' id='word_1_26' title='bbox 138 2274 387 2365; x_wconf 82' lang='lat' dir='ltr'>comprehendit</span> <span class='ocrx_word' id='word_1_27' title='bbox 406 2296 506 2358; x_wconf 88' lang='lat' dir='ltr'>usque</span> <span class='ocrx_word' id='word_1_28' title='bbox 525 2275 567 2337; x_wconf 87' lang='lat' dir='ltr'>ad</span> <span class='ocrx_word' id='word_1_29' title='bbox 587 2298 716 2340; x_wconf 80' lang='lat' dir='ltr'>versum</span> <span class='ocrx_word' id='word_1_30' title='bbox 736 2272 808 2339; x_wconf 84' lang='lat'><strong>150.</strong></span> <span class='ocrx_word' id='word_1_31' title='bbox 853 2274 1006 2338; x_wconf 74' lang='lat' dir='ltr'><strong>Versatur</strong></span> <span class='ocrx_word' id='word_1_32' title='bbox 1025 2295 1133 2343; x_wconf 88' lang='lat' dir='ltr'>autem</span> <span class='ocrx_word' id='word_1_33' title='bbox 1155 2287 1189 2345; x_wconf 90' lang='lat' dir='ltr'>in</span> 
     </span>
     <span class='ocr_line' id='line_1_9' title="bbox 141 2374 1192 2461; baseline -0.007 -10"><span class='ocrx_word' id='word_1_34' title='bbox 141 2385 264 2451; x_wconf 77' lang='lat' dir='ltr'>retibus</span> <span class='ocrx_word' id='word_1_35' title='bbox 284 2374 504 2457; x_wconf 86' lang='lat' dir='ltr'>conficiendis,</span> <span class='ocrx_word' id='word_1_36' title='bbox 533 2380 568 2441; x_wconf 88' lang='lat' dir='ltr'>in</span> <span class='ocrx_word' id='word_1_37' title='bbox 588 2379 799 2442; x_wconf 82' lang='lat' dir='ltr'>formidinum</span> <span class='ocrx_word' id='word_1_38' title='bbox 821 2400 878 2441; x_wconf 90' lang='lat' dir='ltr'>usu</span> <span class='ocrx_word' id='word_1_39' title='bbox 895 2377 990 2461; x_wconf 78' lang='lat' dir='ltr'>atque&#39;</span> <span class='ocrx_word' id='word_1_40' title='bbox 1009 2381 1043 2440; x_wconf 88' lang='lat' dir='ltr'>in</span> <span class='ocrx_word' id='word_1_41' title='bbox 1065 2383 1192 2445; x_wconf 57' lang='lat' dir='ltr'>iaculoss</span> 
     </span>
     <span class='ocr_line' id='line_1_10' title="bbox 149 2482 752 2566; baseline -0.01 -15"><span class='ocrx_word' id='word_1_42' title='bbox 149 2508 225 2551; x_wconf 82' lang='lat' dir='ltr'>rum</span> <span class='ocrx_word' id='word_1_43' title='bbox 239 2499 267 2551; x_wconf 86' lang='lat' dir='ltr'>et</span> <span class='ocrx_word' id='word_1_44' title='bbox 282 2482 518 2549; x_wconf 83' lang='lat' dir='ltr'>venabulorum</span> <span class='ocrx_word' id='word_1_45' title='bbox 536 2483 752 2566; x_wconf 78' lang='lat' dir='ltr'><strong>descriptione.</strong></span> 
     </span>
    </p>
   </div>
   <div class='ocr_carea' id='block_1_5' title="bbox 144 2593 1194 3427">
    <p class='ocr_par' dir='ltr' id='par_1_5' title="bbox 144 2593 1194 3427">
     <span class='ocr_line' id='line_1_11' title="bbox 250 2593 1193 2701; baseline -0.003 -18"><span class='ocrx_word' id='word_1_46' title='bbox 250 2643 280 2685; x_wconf 82' lang='lat' dir='ltr'>u.</span> <span class='ocrx_word' id='word_1_47' title='bbox 303 2624 332 2684; x_wconf 92' lang='lat'>1.</span> <span class='ocrx_word' id='word_1_48' title='bbox 378 2613 547 2696; x_wconf 84' lang='lat' dir='ltr'>Carmine,</span> <span class='ocrx_word' id='word_1_49' title='bbox 581 2617 703 2700; x_wconf 85' lang='lat' dir='ltr'>inquit,</span> <span class='ocrx_word' id='word_1_50' title='bbox 737 2638 895 2701; x_wconf 79' lang='lat' dir='ltr'>exponam</span> <span class='ocrx_word' id='word_1_51' title='bbox 915 2633 1015 2699; x_wconf 85' lang='lat' dir='ltr'>artes,</span> <span class='ocrx_word' id='word_1_52' title='bbox 1045 2593 1193 2680; x_wconf 80' lang='lat' dir='ltr'>Deorum¹</span> 
     </span>
     <span class='ocr_line' id='line_1_12' title="bbox 146 2720 1194 2804; baseline -0.005 -15"><span class='ocrx_word' id='word_1_53' title='bbox 146 2725 231 2789; x_wconf 88' lang='lat' dir='ltr'>dono</span> <span class='ocrx_word' id='word_1_54' title='bbox 252 2741 431 2799; x_wconf 87' lang='lat' dir='ltr'>concessas,</span> <span class='ocrx_word' id='word_1_55' title='bbox 459 2742 542 2804; x_wconf 85' lang='lat' dir='ltr'>quae</span> <span class='ocrx_word' id='word_1_56' title='bbox 562 2720 716 2794; x_wconf 81' lang='lat' dir='ltr'>efficiunt,</span> <span class='ocrx_word' id='word_1_57' title='bbox 746 2733 781 2780; x_wconf 90' lang='lat' dir='ltr'>ut</span> <span class='ocrx_word' id='word_1_58' title='bbox 801 2720 988 2786; x_wconf 69' lang='lat' dir='ltr'>venantibus</span> <span class='ocrx_word' id='word_1_59' title='bbox 1011 2744 1089 2800; x_wconf 40' lang='lat' dir='ltr'>suus·</span> <span class='ocrx_word' id='word_1_60' title='bbox 1103 2720 1194 2784; x_wconf 85' lang='lat' dir='ltr'>labor</span> 
     </span>
     <span class='ocr_line' id='line_1_13' title="bbox 147 2820 1193 2914; baseline -0.001 -25"><span class='ocrx_word' id='word_1_61' title='bbox 147 2840 252 2910; x_wconf 81' lang='lat' dir='ltr'>gratus</span> <span class='ocrx_word' id='word_1_62' title='bbox 276 2826 332 2889; x_wconf 87' lang='lat' dir='ltr'>sit:</span> <span class='ocrx_word' id='word_1_63' title='bbox 369 2824 466 2907; x_wconf 92' lang='lat' dir='ltr'>idque</span> <span class='ocrx_word' id='word_1_64' title='bbox 486 2846 565 2909; x_wconf 93' lang='lat' dir='ltr'>opus</span> <span class='ocrx_word' id='word_1_65' title='bbox 588 2840 661 2900; x_wconf 85' lang='lat' dir='ltr'>tuo,</span> <span class='ocrx_word' id='word_1_66' title='bbox 694 2820 819 2896; x_wconf 89' lang='lat' dir='ltr'>Diana,</span> <span class='ocrx_word' id='word_1_67' title='bbox 855 2824 996 2907; x_wconf 85' lang='lat' dir='ltr'>auspicio</span> <span class='ocrx_word' id='word_1_68' title='bbox 1017 2827 1193 2914; x_wconf 68' lang='lat' dir='ltr'>aggredion</span> 
     </span>
     <span class='ocr_line' id='line_1_14' title="bbox 146 2920 1192 3011; baseline -0.003 -18"><span class='ocrx_word' id='word_1_69' title='bbox 146 2931 240 2993; x_wconf 87' lang='lat' dir='ltr'>Dona</span> <span class='ocrx_word' id='word_1_70' title='bbox 252 2930 357 2991; x_wconf 84' lang='lat' dir='ltr'>divom</span> <span class='ocrx_word' id='word_1_71' title='bbox 371 2926 522 3011; x_wconf 84' lang='lat' dir='ltr'>appellat,</span> <span class='ocrx_word' id='word_1_72' title='bbox 550 2943 584 2990; x_wconf 88' lang='lat' dir='ltr'>ut</span> <span class='ocrx_word' id='word_1_73' title='bbox 598 2925 796 3009; x_wconf 85' lang='lat' dir='ltr'>Xenophon,</span> <span class='ocrx_word' id='word_1_74' title='bbox 825 2924 980 3009; x_wconf 86' lang='lat' dir='ltr'>principio</span> <span class='ocrx_word' id='word_1_75' title='bbox 1001 2920 1192 3009; x_wconf 81' lang='lat' dir='ltr'>Cynegetici,</span> 
     </span>
     <span class='ocr_line' id='line_1_15' title="bbox 148 3012 1194 3116; baseline -0.005 -18"><span class='ocrx_word' id='word_1_76' title='bbox 148 3030 265 3116; x_wconf 65' lang='grc' dir='ltr'><strong><em>εὕρημα</em></strong></span> <span class='ocrx_word' id='word_1_77' title='bbox 282 3036 369 3095; x_wconf 74' lang='grc' dir='ltr'>θεῶν</span> <span class='ocrx_word' id='word_1_78' title='bbox 395 3027 587 3106; x_wconf 75' lang='grc' dir='ltr'><strong><em>Ἀπόλλωνος</em></strong></span> <span class='ocrx_word' id='word_1_79' title='bbox 606 3035 658 3094; x_wconf 86' lang='grc' dir='ltr'>καὶ</span> <span class='ocrx_word' id='word_1_80' title='bbox 676 3025 870 3114; x_wconf 74' lang='grc' dir='ltr'><strong><em>Ἀρτέμιδοςε</em></strong></span> <span class='ocrx_word' id='word_1_81' title='bbox 904 3030 1001 3091; x_wconf 80' lang='lat' dir='ltr'>lactas</span> <span class='ocrx_word' id='word_1_82' title='bbox 1022 3012 1119 3111; x_wconf 72' lang='lat' dir='ltr'>artes,</span> <span class='ocrx_word' id='word_1_83' title='bbox 1157 3043 1194 3094; x_wconf 88' lang='lat' dir='ltr'>ut</span> 
     </span>
     <span class='ocr_line' id='line_1_16' title="bbox 144 3125 1194 3205; baseline -0.002 -6"><span class='ocrx_word' id='word_1_84' title='bbox 144 3134 361 3202; x_wconf 78' lang='lat' dir='ltr'>Nemesianus</span> <span class='ocrx_word' id='word_1_85' title='bbox 375 3154 405 3197; x_wconf 83' lang='lat' dir='ltr'>v.</span> <span class='ocrx_word' id='word_1_86' title='bbox 421 3134 449 3196; x_wconf 87' lang='lat'>1.</span> <span class='ocrx_word' id='word_1_87' title='bbox 469 3134 582 3197; x_wconf 80' lang='lat' dir='ltr'>hilares</span> <span class='ocrx_word' id='word_1_88' title='bbox 604 3135 749 3205; x_wconf 76' lang='lat' dir='ltr'>labores]</span> <span class='ocrx_word' id='word_1_89' title='bbox 778 3130 966 3195; x_wconf 89' lang='lat' dir='ltr'>Wernsd.</span> <span class='ocrx_word' id='word_1_90' title='bbox 988 3132 1087 3197; x_wconf 82' lang='lat' dir='ltr'>laetas</span> <span class='ocrx_word' id='word_1_91' title='bbox 1109 3125 1194 3197; x_wconf 78' lang='lat' dir='ltr'>ortes</span> 
     </span>
     <span class='ocr_line' id='line_1_17' title="bbox 144 3234 1194 3319; baseline 0.001 -17"><span class='ocrx_word' id='word_1_92' title='bbox 144 3260 221 3305; x_wconf 83' lang='lat' dir='ltr'>vere</span> <span class='ocrx_word' id='word_1_93' title='bbox 241 3236 449 3299; x_wconf 85' lang='lat' dir='ltr'>Burmannus</span> <span class='ocrx_word' id='word_1_94' title='bbox 471 3234 638 3319; x_wconf 84' lang='lat' dir='ltr'>explicavit</span> <span class='ocrx_word' id='word_1_95' title='bbox 651 3250 775 3317; x_wconf 77' lang='lat' dir='ltr'>gratas,</span> <span class='ocrx_word' id='word_1_96' title='bbox 797 3256 875 3318; x_wconf 87' lang='lat' dir='ltr'>quas</span> <span class='ocrx_word' id='word_1_97' title='bbox 888 3234 1021 3302; x_wconf 87' lang='lat' dir='ltr'>libenter</span> <span class='ocrx_word' id='word_1_98' title='bbox 1038 3252 1194 3305; x_wconf 81' lang='lat' dir='ltr'>exercent.</span> 
     </span>
     <span class='ocr_line' id='line_1_18' title="bbox 146 3338 910 3427; baseline 0 -22"><span class='ocrx_word' id='word_1_99' title='bbox 146 3340 259 3427; x_wconf 80' lang='lat' dir='ltr'>ltaque</span> <span class='ocrx_word' id='word_1_100' title='bbox 271 3352 397 3425; x_wconf 83' lang='lat' dir='ltr'>praeter</span> <span class='ocrx_word' id='word_1_101' title='bbox 411 3338 553 3403; x_wconf 86' lang='lat' dir='ltr'>Statium</span> <span class='ocrx_word' id='word_1_102' title='bbox 574 3338 653 3401; x_wconf 86' lang='lat' dir='ltr'>silv.</span> <span class='ocrx_word' id='word_1_103' title='bbox 670 3339 747 3418; x_wconf 86' lang='lat' dir='ltr'><strong>lV.,</strong></span> <span class='ocrx_word' id='word_1_104' title='bbox 768 3343 799 3403; x_wconf 82' lang='lat'>8.</span> <span class='ocrx_word' id='word_1_105' title='bbox 813 3363 842 3403; x_wconf 90' lang='lat' dir='ltr'>v.</span> <span class='ocrx_word' id='word_1_106' title='bbox 856 3344 910 3405; x_wconf 81' lang='lat'>26.</span> 
     </span>
    </p>
   </div>
   <div class='ocr_carea' id='block_1_6' title="bbox 93 3445 883 3660">
    <p class='ocr_par' dir='ltr' id='par_1_6' title="bbox 93 3445 883 3660">
     <span class='ocr_line' id='line_1_19' title="bbox 93 3445 883 3660; baseline -0.001 -143"><span class='ocrx_word' id='word_1_107' title='bbox 93 3445 128 3660; x_wconf 53' lang='lat' dir='ltr'><em>v</em></span> <span class='ocrx_word' id='word_1_108' title='bbox 445 3457 561 3518; x_wconf 82' lang='lat' dir='ltr'>laetam</span> <span class='ocrx_word' id='word_1_109' title='bbox 580 3465 706 3540; x_wconf 80' lang='lat' dir='ltr'>parenti</span> <span class='ocrx_word' id='word_1_110' title='bbox 725 3460 883 3535; x_wconf 78' lang='lat' dir='ltr'>virginem,</span> 
     </span>
    </p>
   </div>
   <div class='ocr_carea' id='block_1_7' title="bbox 147 3571 1192 3651">
    <p class='ocr_par' dir='ltr' id='par_1_7' title="bbox 147 3571 1192 3651">
     <span class='ocr_line' id='line_1_20' title="bbox 147 3571 1192 3651; baseline 0.002 -14"><span class='ocrx_word' id='word_1_111' title='bbox 147 3572 206 3637; x_wconf 87' lang='lat' dir='ltr'>ubi</span> <span class='ocrx_word' id='word_1_112' title='bbox 236 3575 368 3635; x_wconf 81' lang='lat' dir='ltr'>mediam</span> <span class='ocrx_word' id='word_1_113' title='bbox 398 3586 520 3639; x_wconf 84' lang='lat' dir='ltr'>temere</span> <span class='ocrx_word' id='word_1_114' title='bbox 548 3574 756 3640; x_wconf 84' lang='lat' dir='ltr'>Marklandus</span> <span class='ocrx_word' id='word_1_115' title='bbox 787 3575 935 3651; x_wconf 82' lang='lat' dir='ltr'>correxit,</span> <span class='ocrx_word' id='word_1_116' title='bbox 970 3585 1001 3636; x_wconf 87' lang='lat' dir='ltr'>et</span> <span class='ocrx_word' id='word_1_117' title='bbox 1026 3571 1192 3650; x_wconf 81' lang='lat' dir='ltr'>Valerium</span> 
     </span>
    </p>
   </div>
   <div class='ocr_carea' id='block_1_8' title="bbox 146 3675 1194 3859">
    <p class='ocr_par' dir='ltr' id='par_1_8' title="bbox 146 3675 1194 3859">
     <span class='ocr_line' id='line_1_21' title="bbox 146 3675 1194 3756; baseline -0.001 -15"><span class='ocrx_word' id='word_1_118' title='bbox 146 3676 300 3741; x_wconf 84' lang='lat' dir='ltr'>Flaccum</span> <span class='ocrx_word' id='word_1_119' title='bbox 320 3675 363 3755; x_wconf 82' lang='grc'>1.,</span> <span class='ocrx_word' id='word_1_120' title='bbox 392 3679 444 3745; x_wconf 83' lang='grc'>80.</span> <span class='ocrx_word' id='word_1_121' title='bbox 466 3700 487 3742; x_wconf 92' lang='lat' dir='ltr'>a</span> <span class='ocrx_word' id='word_1_122' title='bbox 509 3678 640 3745; x_wconf 87' lang='lat' dir='ltr'>Barthio</span> <span class='ocrx_word' id='word_1_123' title='bbox 661 3680 844 3756; x_wconf 85' lang='lat' dir='ltr'>laudatum,</span> <span class='ocrx_word' id='word_1_124' title='bbox 873 3675 1026 3741; x_wconf 85' lang='lat' dir='ltr'>Tacitum</span> <span class='ocrx_word' id='word_1_125' title='bbox 1045 3678 1194 3743; x_wconf 80' lang='lat' dir='ltr'>iubemus</span> 
     </span>
     <span class='ocr_line' id='line_1_22' title="bbox 147 3777 549 3859; baseline -0.01 -13"><span class='ocrx_word' id='word_1_126' title='bbox 147 3780 294 3847; x_wconf 79' lang='lat' dir='ltr'>conferre</span> <span class='ocrx_word' id='word_1_127' title='bbox 307 3777 389 3844; x_wconf 85' lang='lat' dir='ltr'>Hist.</span> <span class='ocrx_word' id='word_1_128' title='bbox 402 3777 477 3859; x_wconf 89' lang='lat' dir='ltr'>lV.,</span> <span class='ocrx_word' id='word_1_129' title='bbox 497 3784 549 3846; x_wconf 81' lang='lat'>68.</span> 
     </span>
    </p>
   </div>
   <div class='ocr_carea' id='block_1_9' title="bbox 145 3911 1194 4102">
    <p class='ocr_par' dir='ltr' id='par_1_9' title="bbox 145 3911 1194 4102">
     <span class='ocr_line' id='line_1_23' title="bbox 252 3911 1193 3994; baseline -0.005 -18"><span class='ocrx_word' id='word_1_130' title='bbox 252 3918 326 3980; x_wconf 76' lang='lat' dir='ltr'><strong>v.&#39;2.</strong></span> <span class='ocrx_word' id='word_1_131' title='bbox 368 3911 546 3978; x_wconf 67' lang='lat' dir='ltr'>Petarenos</span> <span class='ocrx_word' id='word_1_132' title='bbox 560 3915 657 3977; x_wconf 86' lang='lat' dir='ltr'>robur</span> <span class='ocrx_word' id='word_1_133' title='bbox 668 3915 772 3980; x_wconf 86' lang='lat' dir='ltr'>solum</span> <span class='ocrx_word' id='word_1_134' title='bbox 783 3913 929 3979; x_wconf 89' lang='lat' dir='ltr'>nativum</span> <span class='ocrx_word' id='word_1_135' title='bbox 941 3911 1193 3994; x_wconf 77' lang='lat' dir='ltr'>intelligendum,</span> 
     </span>
     <span class='ocr_line' id='line_1_24' title="bbox 145 4014 1194 4102; baseline -0.012 -18"><span class='ocrx_word' id='word_1_136' title='bbox 145 4041 213 4083; x_wconf 88' lang='lat' dir='ltr'>non</span> <span class='ocrx_word' id='word_1_137' title='bbox 236 4018 336 4101; x_wconf 74' lang='lat' dir='ltr'>igitur</span> <span class='ocrx_word' id='word_1_138' title='bbox 354 4039 462 4093; x_wconf 72' lang='lat' dir='ltr'>artata,</span> <span class='ocrx_word' id='word_1_139' title='bbox 491 4018 547 4082; x_wconf 83' lang='lat' dir='ltr'>sed</span> <span class='ocrx_word' id='word_1_140' title='bbox 569 4024 651 4080; x_wconf 83' lang='lat' dir='ltr'>armi</span> <span class='ocrx_word' id='word_1_141' title='bbox 674 4018 895 4102; x_wconf 67' lang='lat' dir='ltr'>intelligendi]</span> <span class='ocrx_word' id='word_1_142' title='bbox 918 4016 1049 4081; x_wconf 83' lang='lat' dir='ltr'>Barth.</span> <span class='ocrx_word' id='word_1_143' title='bbox 1099 4014 1194 4075; x_wconf 71' lang='lat' dir='ltr'>Nuda</span> 
     </span>
    </p>
   </div>
   <div class='ocr_carea' id='block_1_10' title="bbox 145 4117 1195 4228">
    <p class='ocr_par' dir='ltr' id='par_1_10' title="bbox 145 4117 1195 4228">
     <span class='ocr_line' id='line_1_25' title="bbox 145 4117 1195 4228; baseline -0.006 -41"><span class='ocrx_word' id='word_1_144' title='bbox 145 4128 249 4189; x_wconf 78' lang='lat' dir='ltr'>virtus</span> <span class='ocrx_word' id='word_1_145' title='bbox 264 4140 346 4207; x_wconf 86' lang='lat' dir='ltr'>quae</span> <span class='ocrx_word' id='word_1_146' title='bbox 364 4122 522 4208; x_wconf 85' lang='lat' dir='ltr'>sequitur,</span> <span class='ocrx_word' id='word_1_147' title='bbox 550 4142 616 4184; x_wconf 89' lang='lat' dir='ltr'>non</span> <span class='ocrx_word' id='word_1_148' title='bbox 639 4136 685 4228; x_wconf 65' lang='lat' dir='ltr'>est</span> <span class='ocrx_word' id='word_1_149' title='bbox 704 4122 801 4188; x_wconf 87' lang='lat' dir='ltr'>armis</span> <span class='ocrx_word' id='word_1_150' title='bbox 824 4122 985 4194; x_wconf 84' lang='lat' dir='ltr'>destituta,</span> <span class='ocrx_word' id='word_1_151' title='bbox 1011 4118 1068 4181; x_wconf 86' lang='lat' dir='ltr'>sed</span> <span class='ocrx_word' id='word_1_152' title='bbox 1089 4117 1195 4201; x_wconf 83' lang='lat' dir='ltr'>potius</span> 
     </span>
    </p>
   </div>
   <div class='ocr_carea' id='block_1_11' title="bbox 865 4219 928 4287">
    <p class='ocr_par' dir='ltr' id='par_1_11' title="bbox 865 4219 928 4287">
     <span class='ocr_line' id='line_1_26' title="bbox 865 4219 928 4287; baseline 0 -30"><span class='ocrx_word' id='word_1_153' title='bbox 865 4219 928 4287; x_wconf 66' lang='lat'>43(-</span> 
     </span>
    </p>
   </div>
   <div class='ocr_carea' id='block_1_12' title="bbox 0 0 1348 4928">
    <p class='ocr_par' dir='ltr' id='par_1_12' title="bbox 0 0 1348 4928">
     <span class='ocr_line' id='line_1_27' title="bbox 0 0 1348 4928; baseline 0 0"><span class='ocrx_word' id='word_1_154' title='bbox 0 0 1348 4928; x_wconf 95' lang='lat' dir='ltr'> </span> 
     </span>
    </p>
   </div>
  </div>
 </body>
</html>
