2686 4928
507 286 851 426 4202...

158 564 293 613 tenerum
308 549 430 630 prolatu·
437 554 584 631 producit
604 557 635 614 in
654 553 732 618 uiro
751 556 832 617 nido.
878 553 986 637 Quem
1004 540 1102 640 plane
1120 552 1197 618 imi-

155 650 408 716 tatneralerius
429 652 560 720 Flaccus
577 653 654 738 Arg.
677 654 732 720 lib.
748 656 820 721 Vll.
838 679 867 719 v.
886 661 975 733 976.ι
1000 658 1106 741 sortus
1123 659 1196 722 Mo-

82 824 85 829 ,
155 769 205 820 ter
218 759 258 819 ab
280 758 393 820 excelso
408 761 554 841 produxit
571 763 602 821 iu
622 764 698 821 uiro
716 762 797 822 nido.
843 756 909 829 cfr.
929 761 1007 824 ibid
1029 761 1085 827 lib.
1106 760 1148 828 V.
1167 783 1196 823 v.

155 865 247 928 882.;
267 861 320 925 Ad
331 882 387 923 suo
404 863 755 944 Caucaseoeproduount
764 865 906 945 flumina
910 866 1083 949 Nymphae
1116 864 1194 930 Pro-

155 965 272 1049 pertius
290 961 345 1029 lib.
362 962 438 1044 lV.,
461 970 487 1028 1.
505 951 538 1030 ἰη
552 968 628 1031 89.·.
625 973 728 1049 quum
746 971 879 1044 geminos
897 972 1084 1069 produceret
1101 969 1196 1040 Arria

153 1079 275 1131 notos..
294 1064 437 1151 Uterque
451 1067 578 1138 collatus
592 1067 821 1135 aBurmanno.
1120 1098 1123 1105 ·

255 1223 286 1265 v.
304 1202 376 1266 190.
411 1201 536 1274 Virtute,
556 1198 701 1286 viribus]
717 1199 853 1268 liartb.
883 1199 942 1269 ln'fi
957 1203 1052 1288 981]
1069 1132 1189 1269 Bnrm.

256 1355 285 1398 v.
297 1336 370 1400 191.
406 1331 490 1417 facil
488 1356 604 1399 essum.
597 1360 668 1420 ..pr
664 1333 771 1398 sacili
786 1334 894 1400 labore
906 1349 938 1399 et
954 1338 1033 1400 crtra
1045 1357 1194 1421 magnam

152 1437 387 1527 contentionem
415 1457 535 1520 capere.
579 1436 620 1508 ln,
644 1437 772 1503 Nemes.
798 1437 913 1522 fragm.
935 1437 974 1502 de
997 1460 1117 1526 aucnp.
1137 1444 1195 1522 tt,

152 1545 273 1628 proedo
288 1555 332 1604 est
339 1539 448 1626 facilis
461 1552 490 1603 et
505 1562 634 1632 amoena
649 1544 816 1625 malopem]
837 1539 1025 1608 Wernsd.
1078 1554 1083 1563 '
1131 1620 1134 1627 Ι

255 1719 285 1761 ι.
308 1699 379 1763 199.
428 1694 559 1761 Frustra
592 1691 703 1761 laboro
733 1696 882 1780 equidem
921 1698 956 1759 in
988 1697 1193 1765 annotatione

149 1799 304 1868 Iohnsoni
315 1798 573 1883 intelligentior„
581 1797 623 1864 Et
637 1820 676 1865 ne
685 1799 783 1867 o'emel
792 1799 921 1883 quidem
936 1798 1056 1863 catulos
1065 1797 1191 1867 effraeni

149 1928 241 1974 carru
254 1904 390 1969 emicare
403 1902 568 1987 permitte,
589 1901 645 1967 sed
664 1918 722 1969 etc.
735 1936 796 1970 -.
840 1903 967 1989 indulge
985 1904 1196 1969 moderamina

149 2013 208 2095 (sic
230 2007 319 2072 enim
340 2004 409 2089 lege
427 2003 496 2066 loco
515 1988 736 2087 moderamine)
757 2007 999 2082 commortalis,
1028 2005 1121 2087 idem
1143 2019 1194 2085 est,

148 2110 235 2199 quod
264 2106 392 2198 indulge
419 2104 560 2169 habenas
588 2102 640 2168 vel
666 2105 771 2172 frenos
804 2108 927 2191 equis.“
977 2110 1193 2191 armemur

147 2212 297 2279 Heinsius
317 2209 414 2274 etiam
434 2207 539 2272 voluit
583 2205 689 2290 Tum,
709 2231 751 2274 ne
772 2209 848 2294 quid
871 2211 1013 2275 relictum
1031 2200 1189 2275 videretur

149 2313 344 2385 obscuritatis
357 2333 440 2393 esse,
459 2311 665 2378 Burmannus
680 2259 759 2402 ilaec
774 2312 972 2398 subscripsit:
996 2330 1074 2394 „nec
1084 2310 1181 2377 semel

147 2418 416 2506 indulgemus,
443 2415 682 2495 moderamine,
711 2416 745 2479 id
766 2427 813 2481 est
831 2416 1053 2481 moderamine
1070 2402 1188 2503 aliquo,

37 2574 40 2579 ⁴
147 2537 250 2598 cert03
275 2519 431 2582 nimirum
452 2516 611 2602 leporem,
638 2539 703 2582 non
724 2517 845 2584 viribus
868 2535 899 2584 et
920 2520 1036 2584 virtute
1056 2536 1190 2605 praeta·

145 2624 282 2701 lentem,
306 2615 565 2704 praemittendo.“
606 2617 807 2704 Quinetiam
824 2620 973 2686 Bartbios
992 2619 1117 2703 indulge
1129 2620 1192 2686 ab·

145 2728 245 2799 solute
267 2722 386 2788 dictum
407 2720 556 2806 putabat,
581 2720 619 2786 'nt
641 2719 766 2786 Lucret.
787 2723 842 2790 lib.
862 2723 920 2810 V.,
945 2726 1039 2791 1867.
1089 2724 1192 2810 Quam·

145 2852 242 2910 vero,
270 2836 306 2890 ut
327 2823 368 2890 ad
391 2821 587 2888 lohusonnm
610 2839 641 2890 et
663 2820 888 2891 Burmannum
910 2826 1059 2909 redeam,
1088 2824 1192 2893 cursus

145 2957 211 3002 non
224 2929 319 3019 possit
333 2926 486 3010 genitivus
499 2925 578 2992 esse!
620 2926 731 2993 Paullo
750 2931 880 3015 peritius
897 2929 1032 3012 denique
1045 2929 1189 2998 Werns-

145 3037 263 3104 dorfius
279 3030 445 3118 explicavit
463 3030 561 3096 verba
576 3028 661 3095 hunc
675 3033 709 3095 in
731 3035 881 3097 modum:
903 3035 994 3108 „Nec
1013 3038 1111 3098 semel
1130 3035 1187 3100 boc

143 3141 255 3216 facito,
276 3149 311 3198 ut
329 3131 511 3215 moderato,
541 3134 815 3216 quemadmodum
837 3136 920 3212 dini¹
950 3158 1043 3200 cursu
1063 3139 1181 3203 catulo·

142 3264 215 3320 rum
229 3235 348 3302 viribus
367 3249 398 3300 et
417 3235 514 3301 aetati
531 3256 660 3321 pareas,
683 3239 739 3303 sed
753 3238 876 3326 saepius
895 3241 939 3304 ita
957 3256 1114 3307 exerceto.
1134 3246 1182 3305 ir-

142 3349 266 3426 dulgero
278 3352 323 3405 est
331 3338 462 3423 obsequi
475 3352 507 3402 et
519 3341 761 3407 accommodare
770 3363 802 3406 se
818 3342 1048 3408 alteriusaetati
1050 3346 1185 3432 ‚captui

141 3451 274 3513 viribus
296 3446 487 3507 moderamen
498 3465 598 3506 cursus
612 3457 656 3507 est
668 3443 766 3506 rlla
738 3466 805 3510 erus
821 3445 1018 3523 moderatio,
1041 3469 1109 3530 qua
1122 3471 1186 3515 non

141 3527 331 3639 permittitur
355 3546 416 3611 nisi
444 3565 542 3630 parva
569 3544 604 3607 in
627 3546 726 3626 valle,
754 3544 804 3609 vel
826 3561 913 3633 septo
934 3548 1059 3631 novali,
1095 3553 1187 3617 etin

140 3649 313 3738 leporem
303 3669 463 3735 amparem
486 3646 636 3714 viribus.“
679 3649 741 3714 iste
765 3671 840 3713 vero
867 3651 925 3715 etsi
946 3654 1103 3732 indulgere
1126 3678 1186 3721 co·

140 3758 215 3824 tuln
233 3753 455 3836 interpretatur
479 3750 657 3830 verissime,
688 3751 792 3816 verbis
813 3766 921 3816 tamen
958 3776 1010 3818 nec
1032 3762 1130 3823 semel
1155 3776 1186 3828 et

142 3856 348 3926 modolamine
366 3877 467 3918 cursus
487 3850 587 3918 falsus
606 3868 651 3919 est
672 3856 803 3940 egregie.
820 3895 823 3900 -
845 3852 912 3939 Qui
932 3879 1007 3922 cum
1024 3858 1067 3922 ab
1091 3862 1186 3928 initio
1215 3846 1218 3857 ⁴

137 3956 375 4035 annotationis,
395 3976 495 4041 quam
504 3971 651 4021 accurate
668 3957 886 4044 descripsimus
900 3961 1015 4043 modo,
1036 3962 1186 4032 subderet

142 4063 281 4150 aliquid,
305 4057 392 4146 quod
406 4078 471 4125 non
488 4073 565 4126 esta
580 4073 673 4146 poeta
685 4062 846 4148 scriptum,
861 4078 899 4127 et
912 4062 1029 4131 falsam
1044 4069 1187 4138 reddidit
