2686 4928
508 338 831 418 ...Ίό-..-

141 542 222 626 gati,
248 539 307 608 sed
324 545 412 624 passi
426 561 491 606 non
505 557 553 608 est
568 542 724 630 latinum,
746 554 861 609 neutro
874 556 907 609 et
922 539 1081 612 feminino
1095 565 1191 632 prae-

140 645 336 714 cedentibus.
378 643 464 710 Hino
493 646 666 733 probamus
697 647 858 712 lohnsoni·
872 647 1063 732 scripturam
1088 671 1190 732 possa,

140 749 226 834 quod
250 769 358 832 quum
379 746 453 814 MS.
474 750 612 833 vestigiis
632 749 815 835 respondet,
841 764 913 815 turn
932 746 1088 817 maiorem
1108 752 1143 816 in
1156 773 1192 819 se

141 850 344 938 vim'habet‚
371 870 473 935 qnam
487 853 576 937 quod
588 850 832 918 Wernsdoriius
846 855 977 918 coniecit
989 856 1106 938 plausu
1125 858 1146 924 i.
1164 877 1192 922 e.

144 958 250 1040 plausu
269 969 435 1038 prosecuto
457 968 500 1018 ast
522 956 574 1039 (ut
596 956 682 1041 apud
700 956 841 1020 Statium
863 954 940 1021 silv.
957 956 1015 1034 V„
1037 965 1085 1039 8.,
1110 957 1193 1040 140„

144 1059 304 1125 Ovidium
331 1058 425 1124 Trist.
448 1058 522 1139 IV„
544 1065 592 1141 2.,
621 1059 700 1144 49.).
729 1067 820 1124 sensit
847 1060 1084 1125 commendavit
1105 1060 1193 1131 Frid.

142 1162 249 1229 laoob.
293 1161 425 1245 Itaque,
452 1163 538 1246 quod
567 1164 745 1229 venationis
776 1177 845 1229 arte
874 1161 1026 1228 Hercules
1057 1165 1193 1233 laborem

142 1271 277 1353 primum
299 1266 388 1328 illum
407 1272 552 1349 patravit
573 1280 603 1330 et
624 1267 751 1333 leonem
766 1265 968 1333 Nemeaeum
989 1256 1121 1351 occidit,
1143 1273 1202 1336 ic-'

148 1370 382 1433 cirooisonorem
390 1368 702 1453 diciturprimum,h.
712 1364 738 1437 e
747 1393 821 1455 opus
832 1371 1194 1458 honorificum‚potrusse.

150 1468 223 1536 Non
235 1471 316 1539 solet
328 1471 426 1552 illud
448 1474 534 1559 quod
546 1475 677 1560 praebet
689 1474 762 1544 MS
776 1475 838 1544 Th.
852 1480 1045 1560 impetravit,
1062 1479 1194 1585 produci

146 1575 254 1641 media
271 1575 405 1663 syllaba.

250 1715 283 1758 v.
298 1695 350 1759 78.
364 1692 416 1773 74.
459 1698 556 1776 Erige
569 1715 659 1778 ergo,
679 1696 823 1780 pondera
835 1709 866 1760 et
880 1696 1043 1761 considera
1055 1696 1194 1780 drhgen

140 1788 227 1875 ter,’
242 1796 285 1860 s'r
295 1814 359 1879 qua
375 1794 508 1877 utilitas,
539 1813 627 1882 grata
648 1797 853 1876 venantibus,
885 1797 927 1861 ab
953 1811 1021 1860 arte
1041 1812 1071 1862 et
1094 1819 1195 1885 expe-

141 1897 273 1963 rientia
292 1916 369 1961 mea
388 1902 557 1984 exspectari
577 1901 697 1986 possit]
722 1899 909 1965 Wernsd.
937 1904 1058 1979 exigere
1076 1901 1194 1966 locutio

150 2001 195 2064 de
215 1999 306 2064 libra
322 2016 455 2086 sumpta,
491 2004 533 2066 ad
559 2025 657 2088 quam
685 2004 821 2087 exigitur
842 2003 967 2090 pondus
989 2025 1118 2083 rerum;
1148 2005 1196 2070 sio

152 2101 257 2168 Ovid.
269 2098 343 2168 Met.
355 2103 409 2185 X„
430 2108 503 2172 587.
531 2104 596 2174 Cic.
613 2108 655 2172 ad
667 2107 742 2174 Div.
755 2109 812 2190 X„
833 2109 886 2175 24.
907 2145 952 2158 -
972 2112 1132 2194 respondet
1145 2114 1194 2189 ab,

148 2207 241 2292 quod
258 2206 355 2271 MSto
374 2211 517 2300 vicinum
539 2227 600 2293 est,
622 2212 871 2296 praeferendum
886 2211 1010 2277 Heinsii
1022 2217 1196 2299 scripturae

143 2336 177 2378 se
189 2337 236 2395 sp.
284 2309 416 2396 Quoties
429 2314 517 2378 enim
533 2318 572 2378 ab
587 2315 788 2400 praepositio,
809 2329 932 2396 praeter
946 2304 1092 2380 usitatam
1106 2319 1197 2383 verbi

151 2416 292 2478 adiuncti
316 2431 524 2496 structuram,
554 2418 719 2481 notionem
742 2418 883 2501 aliquam
903 2416 1077 2482 caussalem
1098 2418 1198 2482 indu-

158 2519 386 2603 cat„exemplo
401 2504 485 2605 patet
499 2524 539 2585 ab
554 2520 689 2587 Ernesto
705 2521 800 2586 allato
815 2515 902 2589 Clav.
916 2516 980 2586 Cic.
996 2541 1025 2586 v.
1042 2526 1195 2588 intersum.

155 2619 260 2705 Itaque
279 2644 354 2686 nos:
378 2634 496 2704 erwir'ge
517 2629 628 2703 daher,
652 2629 688 2690 ob
703 2633 734 2688 in
750 2628 869 2705 Betreff
878 2629 991 2688 meiner-
1007 2627 1128 2691 Kr‘inste
1142 2633 1197 2700 {ain

150 2727 269 2790 Nutzen
285 2729 440 2790 denselben
457 2734 636 2812 entsptuolte.
681 2727 772 2793 Nihil
786 2742 1006 2811 potestantem
1021 2731 1123 2811 magis
1137 2727 1200 2792 ab·

151 2830 288 2894 surdum
308 2831 495 2914 excogitari,
519 2856 617 2916 quam
636 2833 721 2917 quod
737 2854 766 2895 v.
782 2828 833 2893 74.
854 2850 974 2892 nomen
994 2853 1088 2894 suurn
1107 2833 1201 2916 quasi

152 2934 292 2998 ludendo
307 2933 468 2999 induxisse
487 2933 637 2999 Gratiam
661 2932 779 3000 Ulitius
802 2945 1004 2997 commentus
1015 2947 1069 2998 est.
1114 2937 1201 2997 Gru-

155 3043 234 3100 tiom
257 3035 434 3128 significare
462 3041 641 3114 utilitatem,
671 3060 745 3102 cum
773 3035 912 3102 versibus
933 3039 1008 3100 266.
1032 3033 1106 3101 429.
1129 3051 1201 3103 tum

152 3140 285 3206 aliunde
309 3153 404 3226 patet.
414 3126 522 3204 Νοιι
547 3142 648 3220 licuit,
678 3141 800 3220 hercle,
828 3141 1017 3204 Burmanno
1042 3136 1202 3206 Ovidium

151 3263 343 3338 comparare
356 3242 432 3307 Met.
443 3243 499 3322 V.,
521 3249 610 3324 378„
631 3244 728 3308 ubi
701 3272 727 3311 ιι
740 3269 799 3330 quo
811 3260 854 3310 est
869 3253 937 3307 ineo
948 3246 1054 3323 gratio
1068 3243 1202 3310 sollem-

151 3351 203 3413 nis
227 3361 275 3411 est
294 3348 330 3409 in
350 3347 494 3430 precibus
516 3347 663 3417 formula.
706 3349 835 3414 Deinde
857 3371 931 3414 vero
945 3347 1135 3413 ,inauditum
1156 3359 1203 3411 est

152 3448 254 3527 illud,
287 3450 371 3533 quod
394 3454 510 3515 collato
529 3452 680 3519 Barthius
700 3456 767 3518 vult
789 3473 854 3518 esse
874 3458 905 3513 in
927 3454 1056 3513 medium
1076 3452 1154 3511 dota
1172 3460 1204 3514 et

157 3559 310 3616 communi
331 3559 397 3616 usui
416 3561 585 3637 praestito,
620 3578 723 3640 neque
750 3556 956 3620 Burmannus
984 3572 1097 3616 verum
1123 3552 1204 3616 vidit

157 3656 382 3720 coniectando:
403 3680 477 3740 quae
488 3665 569 3722 vires
578 3659 700 3744 fallunt
716 3685 741 3724 o.
754 3660 782 3746 f.
827 3655 1022 3727 Duriuscula
1035 3669 1081 3719 est
1094 3670 1203 3720 autern

156 3758 257 3844 ipsius
281 3773 394 3842 poetae
414 3761 547 3839 locutio,
576 3765 631 3847 qui
653 3765 715 3830 hoc
735 3765 815 3829 vult:
844 3765 982 3846 pondero
1001 3765 1111 3839 igitur,
1133 3782 1204 3820 ιιιιιιι

120 3925 125 3929 .
160 3867 234 3925 meis
254 3885 291 3925 aar
312 3865 428 3926 artibus
454 3867 572 3928 utilitas
591 3883 621 3930 et
644 3872 742 3932 tutelo
761 3873 937 3952 proveniat,
966 3886 1041 3950 quae
1061 3859 1202 3945 conferri,

162 3972 182 4027 i.
198 3988 224 4029 e.
243 3971 423 4049 comparari
435 3974 532 4047 possit
548 3970 660 4056 ferinis
677 3999 743 4035 cum
755 3973 883 4045 viribus,
908 3975 954 4031 itu
967 3983 1000 4031 ut
1008 3952 1107 4053 sallat
1124 3965 1204 4026 illas.

161 4066 313 4152 Ceterum
334 4091 425 4137 uersu
437 4075 489 4138 73.
508 4079 535 4136 si
554 4077 708 4161 particula
724 4076 840 4162 pariter
855 4087 950 4160 atque
965 4069 1163 4136 Graecorum
1177 4063 1207 4130 ri
