<?xml version="1.0" encoding="UTF-8"?>
<!DOCTYPE html PUBLIC "-//W3C//DTD XHTML 1.0 Transitional//EN"
    "http://www.w3.org/TR/xhtml1/DTD/xhtml1-transitional.dtd">
<html xmlns="http://www.w3.org/1999/xhtml" xml:lang="en" lang="en">
 <head>
  <title>
</title>
<meta http-equiv="Content-Type" content="text/html;charset=utf-8" />
  <meta name='ocr-system' content='tesseract 3.04.00' />
  <meta name='ocr-capabilities' content='ocr_page ocr_carea ocr_par ocr_line ocrx_word'/>
</head>
<body>
  <div class='ocr_page' id='page_1' title='image "./gratiifalisciet00stergoog_0212.png"; bbox 0 0 2686 4928; ppageno 0'>
   <div class='ocr_carea' id='block_1_1' title="bbox 509 353 857 443">
    <p class='ocr_par' dir='ltr' id='par_1_1' title="bbox 509 353 857 443">
     <span class='ocr_line' id='line_1_1' title="bbox 509 353 857 443; baseline -0.003 -12"><span class='ocrx_word' id='word_1_1' title='bbox 509 353 857 443; x_wconf 56' lang='lat' dir='ltr'>-slto—</span> 
     </span>
    </p>
   </div>
   <div class='ocr_carea' id='block_1_2' title="bbox 141 549 1206 1370">
    <p class='ocr_par' dir='ltr' id='par_1_2' title="bbox 141 549 1206 1370">
     <span class='ocr_line' id='line_1_2' title="bbox 255 549 1206 646; baseline 0.001 -23"><span class='ocrx_word' id='word_1_2' title='bbox 255 562 357 630; x_wconf 78' lang='lat' dir='ltr'>v.12.</span> <span class='ocrx_word' id='word_1_3' title='bbox 406 549 612 625; x_wconf 79' lang='lat' dir='ltr'>Glossematis</span> <span class='ocrx_word' id='word_1_4' title='bbox 628 559 770 646; x_wconf 89' lang='lat' dir='ltr'>speciem</span> <span class='ocrx_word' id='word_1_5' title='bbox 791 557 922 646; x_wconf 83' lang='lat' dir='ltr'>praebet</span> <span class='ocrx_word' id='word_1_6' title='bbox 940 577 1056 626; x_wconf 75' lang='lat' dir='ltr'>vernis.</span> <span class='ocrx_word' id='word_1_7' title='bbox 1097 555 1206 643; x_wconf 84' lang='lat' dir='ltr'>Lege·</span> 
     </span>
     <span class='ocr_line' id='line_1_3' title="bbox 141 661 1206 746; baseline -0.004 -12"><span class='ocrx_word' id='word_1_8' title='bbox 141 669 241 734; x_wconf 91' lang='lat' dir='ltr'>batur</span> <span class='ocrx_word' id='word_1_9' title='bbox 261 665 346 729; x_wconf 91' lang='lat' dir='ltr'>olim</span> <span class='ocrx_word' id='word_1_10' title='bbox 362 662 451 727; x_wconf 92' lang='lat' dir='ltr'>nullo</span> <span class='ocrx_word' id='word_1_11' title='bbox 465 684 557 727; x_wconf 92' lang='lat' dir='ltr'>sensu</span> <span class='ocrx_word' id='word_1_12' title='bbox 579 677 649 746; x_wconf 91' lang='lat' dir='ltr'>pust</span> <span class='ocrx_word' id='word_1_13' title='bbox 670 685 699 726; x_wconf 79' lang='lat' dir='ltr'>v.</span> <span class='ocrx_word' id='word_1_14' title='bbox 711 668 764 729; x_wconf 78' lang='lat'>23.</span> <span class='ocrx_word' id='word_1_15' title='bbox 797 665 941 744; x_wconf 79' lang='lat' dir='ltr'>Redurit</span> <span class='ocrx_word' id='word_1_16' title='bbox 960 685 1036 730; x_wconf 90' lang='lat' dir='ltr'>eum</span> <span class='ocrx_word' id='word_1_17' title='bbox 1051 661 1206 730; x_wconf 81' lang='lat' dir='ltr'>Pithoeus</span> 
     </span>
     <span class='ocr_line' id='line_1_4' title="bbox 142 767 1205 852; baseline -0.007 -15"><span class='ocrx_word' id='word_1_18' title='bbox 142 775 177 837; x_wconf 88' lang='lat' dir='ltr'>in</span> <span class='ocrx_word' id='word_1_19' title='bbox 198 773 293 836; x_wconf 88' lang='lat' dir='ltr'>hunc</span> <span class='ocrx_word' id='word_1_20' title='bbox 311 769 436 846; x_wconf 90' lang='lat' dir='ltr'>locum,</span> <span class='ocrx_word' id='word_1_21' title='bbox 456 788 570 852; x_wconf 90' lang='lat' dir='ltr'>parum</span> <span class='ocrx_word' id='word_1_22' title='bbox 588 767 790 834; x_wconf 83' lang='lat' dir='ltr'>considerans</span> <span class='ocrx_word' id='word_1_23' title='bbox 809 767 879 847; x_wconf 92' lang='lat' dir='ltr'>ille,</span> <span class='ocrx_word' id='word_1_24' title='bbox 906 783 1062 852; x_wconf 91' lang='lat' dir='ltr'>quantum</span> <span class='ocrx_word' id='word_1_25' title='bbox 1084 768 1129 831; x_wconf 88' lang='lat' dir='ltr'>ita</span> <span class='ocrx_word' id='word_1_26' title='bbox 1150 788 1205 831; x_wconf 91' lang='lat' dir='ltr'>re-</span> 
     </span>
     <span class='ocr_line' id='line_1_5' title="bbox 146 869 1204 965; baseline -0.004 -25"><span class='ocrx_word' id='word_1_27' title='bbox 146 871 331 965; x_wconf 74' lang='lat' dir='ltr'>&#39;pugnarent</span> <span class='ocrx_word' id='word_1_28' title='bbox 353 870 451 936; x_wconf 84' lang='lat' dir='ltr'>verba</span> <span class='ocrx_word' id='word_1_29' title='bbox 471 873 597 934; x_wconf 72' lang='lat' dir='ltr'>tiumite</span> <span class='ocrx_word' id='word_1_30' title='bbox 620 872 691 935; x_wconf 83' lang='lat' dir='ltr'>not&#39;o</span> <span class='ocrx_word' id='word_1_31' title='bbox 714 869 871 957; x_wconf 84' lang='lat' dir='ltr'>prioribus</span> <span class='ocrx_word' id='word_1_32' title='bbox 891 894 950 957; x_wconf 80' lang='lat' dir='ltr'>qua</span> <span class='ocrx_word' id='word_1_33' title='bbox 969 873 1037 934; x_wconf 85' lang='lat' dir='ltr'>sola</span> <span class='ocrx_word' id='word_1_34' title='bbox 1056 895 1204 956; x_wconf 82' lang='lat' dir='ltr'>nunquam</span> 
     </span>
     <span class='ocr_line' id='line_1_6' title="bbox 150 972 1205 1056; baseline -0.002 -12"><span class='ocrx_word' id='word_1_35' title='bbox 150 987 228 1044; x_wconf 82' lang='lat' dir='ltr'>trito</span> <span class='ocrx_word' id='word_1_36' title='bbox 240 982 332 1041; x_wconf 80' lang='lat' dir='ltr'>rotis·</span> <span class='ocrx_word' id='word_1_37' title='bbox 378 972 502 1039; x_wconf 81' lang='lat' dir='ltr'><strong>Omisit</strong></span> <span class='ocrx_word' id='word_1_38' title='bbox 520 997 552 1038; x_wconf 80' lang='lat' dir='ltr'>se</span> <span class='ocrx_word' id='word_1_39' title='bbox 567 975 907 1056; x_wconf 86' lang='lat' dir='ltr'>voculamMeursius,</span> <span class='ocrx_word' id='word_1_40' title='bbox 929 989 963 1039; x_wconf 91' lang='lat' dir='ltr'>ut</span> <span class='ocrx_word' id='word_1_41' title='bbox 976 976 1131 1040; x_wconf 84' lang='lat' dir='ltr'>sententia</span> <span class='ocrx_word' id='word_1_42' title='bbox 1152 997 1205 1042; x_wconf 88' lang='lat' dir='ltr'>es-</span> 
     </span>
     <span class='ocr_line' id='line_1_7' title="bbox 151 1073 1204 1167; baseline -0.009 -19"><span class='ocrx_word' id='word_1_43' title='bbox 151 1099 213 1148; x_wconf 89' lang='lat' dir='ltr'>set:</span> <span class='ocrx_word' id='word_1_44' title='bbox 234 1079 388 1167; x_wconf 84' lang='lat' dir='ltr'>quamvis</span> <span class='ocrx_word' id='word_1_45' title='bbox 402 1073 498 1140; x_wconf 88' lang='lat' dir='ltr'>Musa</span> <span class='ocrx_word' id='word_1_46' title='bbox 511 1077 608 1142; x_wconf 87' lang='lat' dir='ltr'>aliam</span> <span class='ocrx_word' id='word_1_47' title='bbox 622 1080 805 1144; x_wconf 81' lang='lat' dir='ltr'>carminum</span> <span class='ocrx_word' id='word_1_48' title='bbox 823 1080 910 1144; x_wconf 85' lang='lat' dir='ltr'>viam</span> <span class='ocrx_word' id='word_1_49' title='bbox 924 1078 1086 1162; x_wconf 82' lang='lat' dir='ltr'><strong>vulgatam</strong></span> <span class='ocrx_word' id='word_1_50' title='bbox 1099 1079 1204 1161; x_wconf 84' lang='lat' dir='ltr'>magis</span> 
     </span>
     <span class='ocr_line' id='line_1_8' title="bbox 145 1179 1204 1271; baseline -0.005 -21"><span class='ocrx_word' id='word_1_51' title='bbox 145 1186 315 1271; x_wconf 83' lang='lat' dir='ltr'>praebeat.</span> <span class='ocrx_word' id='word_1_52' title='bbox 355 1179 402 1244; x_wconf 81' lang='lat' dir='ltr'>At</span> <span class='ocrx_word' id='word_1_53' title='bbox 415 1183 503 1245; x_wconf 92' lang='lat' dir='ltr'>enim</span> <span class='ocrx_word' id='word_1_54' title='bbox 517 1181 577 1245; x_wconf 92' lang='lat' dir='ltr'>hoc</span> <span class='ocrx_word' id='word_1_55' title='bbox 591 1180 748 1248; x_wconf 78' lang='lat' dir='ltr'>factitium</span> <span class='ocrx_word' id='word_1_56' title='bbox 763 1183 966 1267; x_wconf 87' lang='lat' dir='ltr'>alienumque</span> <span class='ocrx_word' id='word_1_57' title='bbox 981 1181 1021 1246; x_wconf 84' lang='lat' dir='ltr'>ab</span> <span class='ocrx_word' id='word_1_58' title='bbox 1031 1179 1204 1246; x_wconf 84' lang='lat' dir='ltr'>Nemesia-</span> 
     </span>
     <span class='ocr_line' id='line_1_9' title="bbox 147 1283 1125 1370; baseline -0.003 -17"><span class='ocrx_word' id='word_1_59' title='bbox 147 1311 206 1353; x_wconf 88' lang='lat' dir='ltr'>no.</span> <span class='ocrx_word' id='word_1_60' title='bbox 248 1287 374 1370; x_wconf 87' lang='lat' dir='ltr'>ltaque,</span> <span class='ocrx_word' id='word_1_61' title='bbox 397 1285 459 1349; x_wconf 90' lang='lat' dir='ltr'>nisi</span> <span class='ocrx_word' id='word_1_62' title='bbox 473 1284 628 1370; x_wconf 81' lang='lat' dir='ltr'><strong>glossema</strong></span> <span class='ocrx_word' id='word_1_63' title='bbox 642 1301 701 1367; x_wconf 89' lang='lat' dir='ltr'>est,</span> <span class='ocrx_word' id='word_1_64' title='bbox 722 1288 863 1352; x_wconf 78' lang='lat' dir='ltr'><strong>fortassis</strong></span> <span class='ocrx_word' id='word_1_65' title='bbox 877 1300 923 1351; x_wconf 91' lang='lat' dir='ltr'>est</span> <span class='ocrx_word' id='word_1_66' title='bbox 936 1283 1125 1370; x_wconf 77' lang='lat' dir='ltr'>legendum:</span> 
     </span>
    </p>
   </div>
   <div class='ocr_carea' id='block_1_3' title="bbox 323 1407 942 1490">
    <p class='ocr_par' dir='ltr' id='par_1_3' title="bbox 323 1407 942 1490">
     <span class='ocr_line' id='line_1_10' title="bbox 323 1407 942 1490; baseline 0 -20"><span class='ocrx_word' id='word_1_67' title='bbox 323 1408 383 1488; x_wconf 85' lang='lat' dir='ltr'>Et,</span> <span class='ocrx_word' id='word_1_68' title='bbox 404 1407 524 1490; x_wconf 82' lang='lat' dir='ltr'>quando</span> <span class='ocrx_word' id='word_1_69' title='bbox 538 1429 640 1472; x_wconf 80' lang='lat' dir='ltr'>cursus</span> <span class='ocrx_word' id='word_1_70' title='bbox 655 1429 685 1473; x_wconf 80' lang='lat' dir='ltr'>se</span> <span class='ocrx_word' id='word_1_71' title='bbox 702 1409 832 1472; x_wconf 77' lang='lat' dir='ltr'>ostendit</span> <span class='ocrx_word' id='word_1_72' title='bbox 848 1421 889 1471; x_wconf 83' lang='lat' dir='ltr'>tr.</span> <span class='ocrx_word' id='word_1_73' title='bbox 909 1429 942 1477; x_wconf 87' lang='lat' dir='ltr'>n.</span> 
     </span>
    </p>
   </div>
   <div class='ocr_carea' id='block_1_4' title="bbox 149 1521 1203 1696">
    <p class='ocr_par' dir='ltr' id='par_1_4' title="bbox 149 1521 1203 1696">
     <span class='ocr_line' id='line_1_11' title="bbox 153 1521 1203 1612; baseline -0.005 -22"><span class='ocrx_word' id='word_1_74' title='bbox 153 1521 362 1612; x_wconf 81' lang='lat' dir='ltr'>Quamquam</span> <span class='ocrx_word' id='word_1_75' title='bbox 391 1524 507 1590; x_wconf 91' lang='lat' dir='ltr'>omisso</span> <span class='ocrx_word' id='word_1_76' title='bbox 535 1533 626 1595; x_wconf 90' lang='lat' dir='ltr'>versu</span> <span class='ocrx_word' id='word_1_77' title='bbox 656 1529 791 1594; x_wconf 88' lang='lat' dir='ltr'>validior</span> <span class='ocrx_word' id='word_1_78' title='bbox 820 1525 954 1593; x_wconf 90' lang='lat' dir='ltr'>efficitur</span> <span class='ocrx_word' id='word_1_79' title='bbox 982 1540 1013 1592; x_wconf 93' lang='lat' dir='ltr'>et</span> <span class='ocrx_word' id='word_1_80' title='bbox 1038 1521 1203 1589; x_wconf 85' lang='lat' dir='ltr'>rotundior</span> 
     </span>
     <span class='ocr_line' id='line_1_12' title="bbox 149 1646 259 1696; baseline 0.018 -2"><span class='ocrx_word' id='word_1_81' title='bbox 149 1646 259 1696; x_wconf 78' lang='lat' dir='ltr'>oratio.</span> 
     </span>
    </p>
   </div>
   <div class='ocr_carea' id='block_1_5' title="bbox 145 1766 1201 2168">
    <p class='ocr_par' dir='ltr' id='par_1_5' title="bbox 145 1766 1201 2168">
     <span class='ocr_line' id='line_1_13' title="bbox 252 1766 1201 1855; baseline -0.005 -22"><span class='ocrx_word' id='word_1_82' title='bbox 252 1793 285 1833; x_wconf 76' lang='lat' dir='ltr'>v.</span> <span class='ocrx_word' id='word_1_83' title='bbox 310 1769 362 1832; x_wconf 72' lang='lat' dir='ltr'>ta</span> <span class='ocrx_word' id='word_1_84' title='bbox 411 1766 581 1837; x_wconf 86' lang='lat' dir='ltr'>Auxilians</span> <span class='ocrx_word' id='word_1_85' title='bbox 610 1768 755 1855; x_wconf 89' lang='lat' dir='ltr'>Calliope</span> <span class='ocrx_word' id='word_1_86' title='bbox 784 1769 852 1850; x_wconf 83' lang='lat' dir='ltr'>san,</span> <span class='ocrx_word' id='word_1_87' title='bbox 890 1787 1018 1853; x_wconf 85' lang='lat' dir='ltr'>precor,</span> <span class='ocrx_word' id='word_1_88' title='bbox 1055 1767 1201 1830; x_wconf 82' lang='lat' dir='ltr'>insistere</span> 
     </span>
     <span class='ocr_line' id='line_1_14' title="bbox 145 1869 1200 1958; baseline -0.006 -20"><span class='ocrx_word' id='word_1_89' title='bbox 145 1893 273 1958; x_wconf 87' lang='lat' dir='ltr'>queam</span> <span class='ocrx_word' id='word_1_90' title='bbox 293 1885 381 1956; x_wconf 83' lang='lat' dir='ltr'>prato</span> <span class='ocrx_word' id='word_1_91' title='bbox 397 1874 601 1958; x_wconf 88' lang='lat' dir='ltr'>complacito,</span> <span class='ocrx_word' id='word_1_92' title='bbox 629 1887 663 1937; x_wconf 91' lang='lat' dir='ltr'>ut</span> <span class='ocrx_word' id='word_1_93' title='bbox 685 1873 825 1936; x_wconf 88' lang='lat' dir='ltr'>orbitam</span> <span class='ocrx_word' id='word_1_94' title='bbox 848 1871 966 1937; x_wconf 84' lang='lat' dir='ltr'>faciam</span> <span class='ocrx_word' id='word_1_95' title='bbox 992 1869 1200 1951; x_wconf 85' lang='lat' dir='ltr'>ingrediendo</span> 
     </span>
     <span class='ocr_line' id='line_1_15' title="bbox 146 1972 1199 2066; baseline -0.003 -25"><span class='ocrx_word' id='word_1_96' title='bbox 146 1977 270 2066; x_wconf 87' lang='lat' dir='ltr'>primis</span> <span class='ocrx_word' id='word_1_97' title='bbox 282 1972 372 2039; x_wconf 88' lang='lat' dir='ltr'>sulcis</span> <span class='ocrx_word' id='word_1_98' title='bbox 383 1975 561 2042; x_wconf 75' lang='lat' dir='ltr'>lucentem&#39;.</span> <span class='ocrx_word' id='word_1_99' title='bbox 581 1979 687 2042; x_wconf 84' lang='lat' dir='ltr'>Facile</span> <span class='ocrx_word' id='word_1_100' title='bbox 700 1992 743 2042; x_wconf 81' lang='lat' dir='ltr'>est</span> <span class='ocrx_word' id='word_1_101' title='bbox 757 1977 886 2042; x_wconf 91' lang='lat' dir='ltr'>Ulitius.</span> <span class='ocrx_word' id='word_1_102' title='bbox 920 1978 1034 2039; x_wconf 82' lang='lat' dir='ltr'>Facias</span> <span class='ocrx_word' id='word_1_103' title='bbox 1047 1972 1199 2056; x_wconf 84' lang='lat' dir='ltr'>Scaliger.</span> 
     </span>
     <span class='ocr_line' id='line_1_16' title="bbox 146 2075 1198 2168; baseline 0.001 -23"><span class='ocrx_word' id='word_1_104' title='bbox 146 2105 207 2166; x_wconf 79' lang='lat' dir='ltr'>quo</span> <span class='ocrx_word' id='word_1_105' title='bbox 227 2083 331 2144; x_wconf 82' lang='lat' dir='ltr'>luceat</span> <span class='ocrx_word' id='word_1_106' title='bbox 348 2081 467 2143; x_wconf 80' lang='lat' dir='ltr'>mavult</span> <span class='ocrx_word' id='word_1_107' title='bbox 487 2082 568 2146; x_wconf 94' lang='lat' dir='ltr'>Ulit.</span> <span class='ocrx_word' id='word_1_108' title='bbox 612 2080 800 2168; x_wconf 84' lang='lat' dir='ltr'>Respexisse</span> <span class='ocrx_word' id='word_1_109' title='bbox 821 2096 951 2167; x_wconf 90' lang='lat' dir='ltr'>poetam</span> <span class='ocrx_word' id='word_1_110' title='bbox 965 2076 1139 2162; x_wconf 80' lang='lat' dir='ltr'>Virgilium</span> <span class='ocrx_word' id='word_1_111' title='bbox 1154 2075 1198 2145; x_wconf 86' lang='lat' dir='ltr'>G.</span> 
     </span>
    </p>
   </div>
   <div class='ocr_carea' id='block_1_6' title="bbox 140 2179 1199 2372">
    <p class='ocr_par' dir='ltr' id='par_1_6' title="bbox 140 2179 1199 2372">
     <span class='ocr_line' id='line_1_17' title="bbox 144 2179 1199 2270; baseline 0.002 -20"><span class='ocrx_word' id='word_1_112' title='bbox 144 2187 191 2251; x_wconf 90' lang='lat' dir='ltr'>ll.</span> <span class='ocrx_word' id='word_1_113' title='bbox 206 2210 235 2249; x_wconf 90' lang='lat' dir='ltr'>v.</span> <span class='ocrx_word' id='word_1_114' title='bbox 249 2188 328 2250; x_wconf 80' lang='lat'>211.</span> <span class='ocrx_word' id='word_1_115' title='bbox 343 2198 430 2269; x_wconf 91' lang='lat' dir='ltr'>putat</span> <span class='ocrx_word' id='word_1_116' title='bbox 444 2185 555 2251; x_wconf 92' lang='lat' dir='ltr'>Burm.</span> <span class='ocrx_word' id='word_1_117' title='bbox 569 2188 669 2251; x_wconf 83' lang='lat' dir='ltr'>luceat</span> <span class='ocrx_word' id='word_1_118' title='bbox 683 2202 743 2252; x_wconf 90' lang='lat' dir='ltr'>est:</span> <span class='ocrx_word' id='word_1_119' title='bbox 765 2189 856 2270; x_wconf 88' lang='lat' dir='ltr'>longe</span> <span class='ocrx_word' id='word_1_120' title='bbox 869 2199 1038 2270; x_wconf 81' lang='lat' dir='ltr'>appareat,</span> <span class='ocrx_word' id='word_1_121' title='bbox 1057 2197 1093 2247; x_wconf 88' lang='lat' dir='ltr'>ut</span> <span class='ocrx_word' id='word_1_122' title='bbox 1104 2179 1199 2252; x_wconf 79' lang='lat' dir='ltr'>Grac.</span> 
     </span>
     <span class='ocr_line' id='line_1_18' title="bbox 140 2286 1041 2372; baseline -0.007 -18"><span class='ocrx_word' id='word_1_123' title='bbox 140 2310 171 2356; x_wconf 81' lang='lat' dir='ltr'>v.</span> <span class='ocrx_word' id='word_1_124' title='bbox 187 2291 243 2356; x_wconf 88' lang='lat'>87.</span> <span class='ocrx_word' id='word_1_125' title='bbox 288 2286 362 2351; x_wconf 88' lang='lat' dir='ltr'>Vid.</span> <span class='ocrx_word' id='word_1_126' title='bbox 374 2286 483 2354; x_wconf 82' lang='lat' dir='ltr'>Barth.</span> <span class='ocrx_word' id='word_1_127' title='bbox 499 2291 540 2353; x_wconf 92' lang='lat' dir='ltr'>ad</span> <span class='ocrx_word' id='word_1_128' title='bbox 555 2287 723 2355; x_wconf 88' lang='lat' dir='ltr'>Claudian.</span> <span class='ocrx_word' id='word_1_129' title='bbox 740 2312 822 2354; x_wconf 88' lang='lat' dir='ltr'>cons.</span> <span class='ocrx_word' id='word_1_130' title='bbox 840 2287 1041 2372; x_wconf 88' lang='lat' dir='ltr'>Olybr.101.</span> 
     </span>
    </p>
   </div>
   <div class='ocr_carea' id='block_1_7' title="bbox 248 2437 1197 2530">
    <p class='ocr_par' dir='ltr' id='par_1_7' title="bbox 248 2437 1197 2530">
     <span class='ocr_line' id='line_1_19' title="bbox 248 2437 1197 2530; baseline -0.004 -23"><span class='ocrx_word' id='word_1_131' title='bbox 248 2441 345 2511; x_wconf 80' lang='lat' dir='ltr'>v.15.</span> <span class='ocrx_word' id='word_1_132' title='bbox 389 2442 541 2530; x_wconf 84' lang='lat' dir='ltr'>Sequitur</span> <span class='ocrx_word' id='word_1_133' title='bbox 567 2445 743 2510; x_wconf 88' lang='lat' dir='ltr'>immodica</span> <span class='ocrx_word' id='word_1_134' title='bbox 770 2460 802 2511; x_wconf 92' lang='lat' dir='ltr'>et</span> <span class='ocrx_word' id='word_1_135' title='bbox 828 2442 984 2527; x_wconf 85' lang='lat' dir='ltr'>indigesta</span> <span class='ocrx_word' id='word_1_136' title='bbox 1010 2437 1197 2506; x_wconf 81' lang='lat' dir='ltr'>fabularum</span> 
     </span>
    </p>
   </div>
   <div class='ocr_carea' id='block_1_8' title="bbox 147 2542 1197 2734">
    <p class='ocr_par' dir='ltr' id='par_1_8' title="bbox 147 2542 1197 2734">
     <span class='ocr_line' id='line_1_20' title="bbox 148 2542 1197 2632; baseline 0 -20"><span class='ocrx_word' id='word_1_137' title='bbox 148 2546 257 2630; x_wconf 79' lang='lat' dir='ltr'>copia,</span> <span class='ocrx_word' id='word_1_138' title='bbox 283 2545 326 2612; x_wconf 86' lang='lat' dir='ltr'>ab</span> <span class='ocrx_word' id='word_1_139' title='bbox 348 2547 421 2612; x_wconf 89' lang='lat' dir='ltr'>aliis</span> <span class='ocrx_word' id='word_1_140' title='bbox 442 2552 542 2632; x_wconf 92' lang='lat' dir='ltr'>puetis</span> <span class='ocrx_word' id='word_1_141' title='bbox 564 2550 738 2620; x_wconf 87' lang='lat' dir='ltr'>decantata.</span> <span class='ocrx_word' id='word_1_142' title='bbox 786 2549 840 2618; x_wconf 86' lang='lat' dir='ltr'>De</span> <span class='ocrx_word' id='word_1_143' title='bbox 860 2548 967 2619; x_wconf 91' lang='lat' dir='ltr'>Niobe</span> <span class='ocrx_word' id='word_1_144' title='bbox 989 2560 1064 2613; x_wconf 86' lang='lat' dir='ltr'>nota</span> <span class='ocrx_word' id='word_1_145' title='bbox 1083 2542 1197 2612; x_wconf 82' lang='lat' dir='ltr'>fabula</span> 
     </span>
     <span class='ocr_line' id='line_1_21' title="bbox 147 2649 593 2734; baseline 0.02 -20"><span class='ocrx_word' id='word_1_146' title='bbox 147 2670 186 2715; x_wconf 82' lang='lat' dir='ltr'>ex</span> <span class='ocrx_word' id='word_1_147' title='bbox 199 2649 319 2716; x_wconf 76' lang='lat' dir='ltr'>Ovidio</span> <span class='ocrx_word' id='word_1_148' title='bbox 334 2650 498 2734; x_wconf 67' lang='lat' dir='ltr'>Mecvl,</span> <span class='ocrx_word' id='word_1_149' title='bbox 522 2653 593 2723; x_wconf 80' lang='lat'>148.</span> 
     </span>
    </p>
   </div>
   <div class='ocr_carea' id='block_1_9' title="bbox 139 2806 1196 3100">
    <p class='ocr_par' dir='ltr' id='par_1_9' title="bbox 139 2806 1196 3100">
     <span class='ocr_line' id='line_1_22' title="bbox 245 2806 1196 2894; baseline -0.001 -23"><span class='ocrx_word' id='word_1_150' title='bbox 245 2830 278 2873; x_wconf 81' lang='lat' dir='ltr'>v.</span> <span class='ocrx_word' id='word_1_151' title='bbox 294 2812 345 2875; x_wconf 87' lang='lat'>16.</span> <span class='ocrx_word' id='word_1_152' title='bbox 386 2811 490 2888; x_wconf 75' lang='lat' dir='ltr'>Ignem</span> <span class='ocrx_word' id='word_1_153' title='bbox 505 2815 565 2894; x_wconf 74' lang='lat' dir='ltr'>ing.</span> <span class='ocrx_word' id='word_1_154' title='bbox 582 2813 633 2875; x_wconf 86' lang='lat' dir='ltr'>let.</span> <span class='ocrx_word' id='word_1_155' title='bbox 651 2835 675 2875; x_wconf 89' lang='lat' dir='ltr'>s.</span> <span class='ocrx_word' id='word_1_156' title='bbox 693 2811 803 2892; x_wconf 87' lang='lat' dir='ltr'>ignem</span> <span class='ocrx_word' id='word_1_157' title='bbox 820 2806 980 2886; x_wconf 81' lang='lat' dir='ltr'>fulminis,</span> <span class='ocrx_word' id='word_1_158' title='bbox 1002 2807 1056 2888; x_wconf 91' lang='lat' dir='ltr'>qui</span> <span class='ocrx_word' id='word_1_159' title='bbox 1071 2806 1196 2890; x_wconf 83' lang='lat' dir='ltr'>nuptias</span> 
     </span>
     <span class='ocr_line' id='line_1_23' title="bbox 139 2906 1194 2987; baseline -0.008 -10"><span class='ocrx_word' id='word_1_160' title='bbox 139 2911 240 2977; x_wconf 91' lang='lat' dir='ltr'>simul</span> <span class='ocrx_word' id='word_1_161' title='bbox 262 2926 295 2976; x_wconf 92' lang='lat' dir='ltr'>et</span> <span class='ocrx_word' id='word_1_162' title='bbox 315 2933 428 2975; x_wconf 87' lang='lat' dir='ltr'>necem</span> <span class='ocrx_word' id='word_1_163' title='bbox 451 2913 598 2980; x_wconf 89' lang='lat' dir='ltr'>Semelae</span> <span class='ocrx_word' id='word_1_164' title='bbox 620 2911 820 2979; x_wconf 86' lang='lat' dir='ltr'>conciliabat.</span> <span class='ocrx_word' id='word_1_165' title='bbox 863 2908 906 2978; x_wconf 78' lang='lat' dir='ltr'>V.</span> <span class='ocrx_word' id='word_1_166' title='bbox 920 2907 1018 2974; x_wconf 88' lang='lat' dir='ltr'>Ovid.</span> <span class='ocrx_word' id='word_1_167' title='bbox 1031 2906 1109 2972; x_wconf 80' lang='lat' dir='ltr'>Met.</span> <span class='ocrx_word' id='word_1_168' title='bbox 1124 2908 1194 2987; x_wconf 74' lang='lat'>111,</span> 
     </span>
     <span class='ocr_line' id='line_1_24' title="bbox 142 3013 502 3100; baseline -0.003 -20"><span class='ocrx_word' id='word_1_169' title='bbox 142 3019 220 3081; x_wconf 76' lang='lat'>292.</span> <span class='ocrx_word' id='word_1_170' title='bbox 233 3013 293 3100; x_wconf 86' lang='lat' dir='ltr'>sq.]</span> <span class='ocrx_word' id='word_1_171' title='bbox 315 3013 502 3081; x_wconf 89' lang='lat' dir='ltr'>Wernsd.</span> 
     </span>
    </p>
   </div>
   <div class='ocr_carea' id='block_1_10' title="bbox 140 3169 1193 3863">
    <p class='ocr_par' dir='ltr' id='par_1_10' title="bbox 140 3169 1193 3863">
     <span class='ocr_line' id='line_1_25' title="bbox 247 3169 1192 3257; baseline -0.003 -23"><span class='ocrx_word' id='word_1_172' title='bbox 247 3172 344 3236; x_wconf 84' lang='lat' dir='ltr'>v.17.</span> <span class='ocrx_word' id='word_1_173' title='bbox 373 3173 493 3254; x_wconf 84' lang='lat' dir='ltr'>pellicis</span> <span class='ocrx_word' id='word_1_174' title='bbox 512 3188 590 3237; x_wconf 84' lang='lat' dir='ltr'>astu.</span> <span class='ocrx_word' id='word_1_175' title='bbox 620 3176 720 3257; x_wconf 74' lang='lat' dir='ltr'>palleo</span> <span class='ocrx_word' id='word_1_176' title='bbox 736 3171 767 3234; x_wconf 90' lang='lat' dir='ltr'>h.</span> <span class='ocrx_word' id='word_1_177' title='bbox 786 3170 941 3254; x_wconf 81' lang='lat' dir='ltr'>significat</span> <span class='ocrx_word' id='word_1_178' title='bbox 960 3192 1037 3255; x_wconf 80' lang='lat' dir='ltr'>quae</span> <span class='ocrx_word' id='word_1_179' title='bbox 1057 3169 1192 3255; x_wconf 61' lang='lat' dir='ltr'>pallebit.</span> 
     </span>
     <span class='ocr_line' id='line_1_26' title="bbox 140 3273 1193 3359; baseline -0.004 -19"><span class='ocrx_word' id='word_1_180' title='bbox 140 3275 222 3340; x_wconf 89' lang='lat' dir='ltr'>luno</span> <span class='ocrx_word' id='word_1_181' title='bbox 245 3274 334 3340; x_wconf 88' lang='lat' dir='ltr'>enim</span> <span class='ocrx_word' id='word_1_182' title='bbox 354 3276 478 3341; x_wconf 87' lang='lat' dir='ltr'>induxit</span> <span class='ocrx_word' id='word_1_183' title='bbox 495 3277 675 3358; x_wconf 89' lang='lat' dir='ltr'>Semelem,</span> <span class='ocrx_word' id='word_1_184' title='bbox 698 3297 790 3359; x_wconf 89' lang='lat' dir='ltr'>orare</span> <span class='ocrx_word' id='word_1_185' title='bbox 812 3275 938 3355; x_wconf 87' lang='lat' dir='ltr'>lovem,</span> <span class='ocrx_word' id='word_1_186' title='bbox 961 3289 994 3338; x_wconf 93' lang='lat' dir='ltr'>ut</span> <span class='ocrx_word' id='word_1_187' title='bbox 1015 3273 1108 3339; x_wconf 91' lang='lat' dir='ltr'>liceat</span> <span class='ocrx_word' id='word_1_188' title='bbox 1130 3273 1193 3339; x_wconf 92' lang='lat' dir='ltr'>sibi</span> 
     </span>
     <span class='ocr_line' id='line_1_27' title="bbox 141 3377 1192 3457; baseline -0.003 -14"><span class='ocrx_word' id='word_1_189' title='bbox 141 3401 214 3444; x_wconf 88' lang='lat' dir='ltr'>cum</span> <span class='ocrx_word' id='word_1_190' title='bbox 248 3397 287 3442; x_wconf 91' lang='lat' dir='ltr'>eo</span> <span class='ocrx_word' id='word_1_191' title='bbox 325 3379 545 3444; x_wconf 90' lang='lat' dir='ltr'>concumbere.</span> <span class='ocrx_word' id='word_1_192' title='bbox 589 3396 644 3445; x_wconf 92' lang='lat' dir='ltr'>aut</span> <span class='ocrx_word' id='word_1_193' title='bbox 679 3381 885 3457; x_wconf 76' lang='lat' dir='ltr'>acerbitatem</span> <span class='ocrx_word' id='word_1_194' title='bbox 918 3377 1049 3443; x_wconf 92' lang='lat' dir='ltr'>lunonis</span> <span class='ocrx_word' id='word_1_195' title='bbox 1080 3397 1192 3441; x_wconf 82' lang='lat' dir='ltr'>exosus</span> 
     </span>
     <span class='ocr_line' id='line_1_28' title="bbox 141 3480 1192 3568; baseline -0.004 -21"><span class='ocrx_word' id='word_1_196' title='bbox 141 3498 234 3567; x_wconf 88' lang='lat' dir='ltr'>poeta</span> <span class='ocrx_word' id='word_1_197' title='bbox 258 3502 378 3544; x_wconf 88' lang='lat' dir='ltr'>nomen</span> <span class='ocrx_word' id='word_1_198' title='bbox 399 3482 665 3566; x_wconf 78' lang='lat' dir='ltr'>pellicis&#39;lununi·</span> <span class='ocrx_word' id='word_1_199' title='bbox 680 3489 783 3568; x_wconf 86' lang='lat' dir='ltr'>magis</span> <span class='ocrx_word' id='word_1_200' title='bbox 811 3483 1015 3548; x_wconf 86' lang='lat' dir='ltr'>tribuendum</span> <span class='ocrx_word' id='word_1_201' title='bbox 1047 3480 1192 3565; x_wconf 83' lang='lat' dir='ltr'>censuit]</span> 
     </span>
     <span class='ocr_line' id='line_1_29' title="bbox 141 3568 1192 3676; baseline 0.002 -29"><span class='ocrx_word' id='word_1_202' title='bbox 141 3568 278 3648; x_wconf 84' lang='lat' dir='ltr'>lolrns.</span> <span class='ocrx_word' id='word_1_203' title='bbox 321 3583 468 3652; x_wconf 87' lang='lat' dir='ltr'>Omnino</span> <span class='ocrx_word' id='word_1_204' title='bbox 490 3612 603 3653; x_wconf 89' lang='lat' dir='ltr'>verum</span> <span class='ocrx_word' id='word_1_205' title='bbox 629 3592 791 3676; x_wconf 87' lang='lat' dir='ltr'>posterius.</span> <span class='ocrx_word' id='word_1_206' title='bbox 835 3585 946 3650; x_wconf 88' lang='lat' dir='ltr'>Solent</span> <span class='ocrx_word' id='word_1_207' title='bbox 975 3584 1067 3648; x_wconf 89' lang='lat' dir='ltr'>abuti</span> <span class='ocrx_word' id='word_1_208' title='bbox 1091 3587 1192 3667; x_wconf 75' lang='lat' dir='ltr'>pellex</span> 
     </span>
     <span class='ocr_line' id='line_1_30' title="bbox 140 3688 1191 3780; baseline 0.004 -32"><span class='ocrx_word' id='word_1_209' title='bbox 140 3688 295 3752; x_wconf 84' lang='lat' dir='ltr'>vocabulo</span> <span class='ocrx_word' id='word_1_210' title='bbox 308 3691 489 3775; x_wconf 90' lang='lat' dir='ltr'>scriptores,</span> <span class='ocrx_word' id='word_1_211' title='bbox 511 3708 544 3756; x_wconf 95' lang='lat' dir='ltr'>ut</span> <span class='ocrx_word' id='word_1_212' title='bbox 557 3693 667 3780; x_wconf 89' lang='lat' dir='ltr'>Papin.</span> <span class='ocrx_word' id='word_1_213' title='bbox 683 3692 761 3758; x_wconf 88' lang='lat' dir='ltr'>Stat.</span> <span class='ocrx_word' id='word_1_214' title='bbox 775 3690 878 3756; x_wconf 87' lang='lat' dir='ltr'>Theb.</span> <span class='ocrx_word' id='word_1_215' title='bbox 890 3691 981 3770; x_wconf 71' lang='lat' dir='ltr'>Vll,</span> <span class='ocrx_word' id='word_1_216' title='bbox 998 3691 1069 3756; x_wconf 87' lang='lat'>160.</span> <span class='ocrx_word' id='word_1_217' title='bbox 1087 3689 1191 3774; x_wconf 90' lang='lat' dir='ltr'>ipsam</span> 
     </span>
     <span class='ocr_line' id='line_1_31' title="bbox 142 3789 1189 3863; baseline -0.002 -9"><span class='ocrx_word' id='word_1_218' title='bbox 142 3789 302 3855; x_wconf 87' lang='lat' dir='ltr'>lunonem</span> <span class='ocrx_word' id='word_1_219' title='bbox 320 3795 365 3857; x_wconf 92' lang='lat' dir='ltr'>sic</span> <span class='ocrx_word' id='word_1_220' title='bbox 387 3810 488 3862; x_wconf 85' lang='lat' dir='ltr'>vocat.</span> <span class='ocrx_word' id='word_1_221' title='bbox 532 3795 606 3860; x_wconf 91' lang='lat' dir='ltr'>Pari</span> <span class='ocrx_word' id='word_1_222' title='bbox 626 3799 724 3863; x_wconf 92' lang='lat' dir='ltr'>modo</span> <span class='ocrx_word' id='word_1_223' title='bbox 745 3813 854 3862; x_wconf 83' lang='lat' dir='ltr'>auctor</span> <span class='ocrx_word' id='word_1_224' title='bbox 870 3795 1021 3860; x_wconf 88' lang='lat' dir='ltr'>carminis</span> <span class='ocrx_word' id='word_1_225' title='bbox 1042 3794 1083 3858; x_wconf 92' lang='lat' dir='ltr'>de</span> <span class='ocrx_word' id='word_1_226' title='bbox 1104 3790 1189 3854; x_wconf 87' lang='lat' dir='ltr'>laud.</span> 
     </span>
    </p>
   </div>
   <div class='ocr_carea' id='block_1_11' title="bbox 142 3891 1243 4197">
    <p class='ocr_par' dir='ltr' id='par_1_11' title="bbox 142 3891 1243 4197">
     <span class='ocr_line' id='line_1_32' title="bbox 142 3891 1189 3986; baseline -0.003 -30"><span class='ocrx_word' id='word_1_227' title='bbox 142 3891 270 3960; x_wconf 84' lang='lat' dir='ltr'>Hercul.</span> <span class='ocrx_word' id='word_1_228' title='bbox 294 3918 323 3958; x_wconf 80' lang='lat' dir='ltr'>r.</span> <span class='ocrx_word' id='word_1_229' title='bbox 346 3899 398 3964; x_wconf 79' lang='lat'>47.</span> <span class='ocrx_word' id='word_1_230' title='bbox 420 3900 578 3965; x_wconf 91' lang='lat' dir='ltr'>lunonem</span> <span class='ocrx_word' id='word_1_231' title='bbox 600 3899 774 3967; x_wconf 82' lang='lat' dir='ltr'>Alcmenae</span> <span class='ocrx_word' id='word_1_232' title='bbox 794 3902 933 3985; x_wconf 79' lang='lat' dir='ltr'>pellicem</span> <span class='ocrx_word' id='word_1_233' title='bbox 956 3898 1101 3986; x_wconf 88' lang='lat' dir='ltr'>appellat.</span> <span class='ocrx_word' id='word_1_234' title='bbox 1133 3891 1189 3956; x_wconf 86' lang='lat' dir='ltr'>clr.</span> 
     </span>
     <span class='ocr_line' id='line_1_33' title="bbox 143 3995 1189 4083; baseline -0.005 -19"><span class='ocrx_word' id='word_1_235' title='bbox 143 3995 250 4064; x_wconf 85' lang='lat' dir='ltr'>Bartlr.</span> <span class='ocrx_word' id='word_1_236' title='bbox 265 3999 305 4065; x_wconf 89' lang='lat' dir='ltr'>ad</span> <span class='ocrx_word' id='word_1_237' title='bbox 315 3999 392 4067; x_wconf 88' lang='lat' dir='ltr'>Stat.</span> <span class='ocrx_word' id='word_1_238' title='bbox 409 4001 429 4066; x_wconf 94' lang='lat' dir='ltr'>l.</span> <span class='ocrx_word' id='word_1_239' title='bbox 445 4001 464 4063; x_wconf 93' lang='lat' dir='ltr'>l.</span> <span class='ocrx_word' id='word_1_240' title='bbox 511 4002 637 4069; x_wconf 87' lang='lat' dir='ltr'>Scilicet</span> <span class='ocrx_word' id='word_1_241' title='bbox 651 4008 692 4071; x_wconf 92' lang='lat' dir='ltr'>ob</span> <span class='ocrx_word' id='word_1_242' title='bbox 705 4009 851 4073; x_wconf 87' lang='lat' dir='ltr'>animum</span> <span class='ocrx_word' id='word_1_243' title='bbox 864 4007 908 4074; x_wconf 82' lang='lat' dir='ltr'>itu</span> <span class='ocrx_word' id='word_1_244' title='bbox 924 4006 1038 4071; x_wconf 89' lang='lat' dir='ltr'>dicitur</span> <span class='ocrx_word' id='word_1_245' title='bbox 1051 3997 1189 4083; x_wconf 92' lang='lat' dir='ltr'>suspecti</span> 
     </span>
     <span class='ocr_line' id='line_1_34' title="bbox 144 4101 1243 4197; baseline 0.003 -32"><span class='ocrx_word' id='word_1_246' title='bbox 144 4103 264 4168; x_wconf 85' lang='lat' dir='ltr'>amoris</span> <span class='ocrx_word' id='word_1_247' title='bbox 291 4103 413 4170; x_wconf 87' lang='lat' dir='ltr'>invidia</span> <span class='ocrx_word' id='word_1_248' title='bbox 442 4103 657 4189; x_wconf 86' lang='lat' dir='ltr'>laborantem,</span> <span class='ocrx_word' id='word_1_249' title='bbox 695 4113 797 4197; x_wconf 87' lang='lat' dir='ltr'>qualis</span> <span class='ocrx_word' id='word_1_250' title='bbox 824 4112 902 4178; x_wconf 89' lang='lat' dir='ltr'>solet</span> <span class='ocrx_word' id='word_1_251' title='bbox 927 4130 993 4178; x_wconf 89' lang='lat' dir='ltr'>esse</span> <span class='ocrx_word' id='word_1_252' title='bbox 1014 4101 1186 4193; x_wconf 86' lang='lat' dir='ltr'>pellicibus·</span> <span class='ocrx_word' id='word_1_253' title='bbox 1216 4122 1243 4154; x_wconf 68' lang='lat'>,-</span> 
     </span>
    </p>
   </div>
   <div class='ocr_carea' id='block_1_12' title="bbox 0 0 1350 4928">
    <p class='ocr_par' dir='ltr' id='par_1_12' title="bbox 0 0 1350 4928">
     <span class='ocr_line' id='line_1_35' title="bbox 0 0 1350 4928; baseline 0 0"><span class='ocrx_word' id='word_1_254' title='bbox 0 0 1350 4928; x_wconf 95' lang='lat' dir='ltr'> </span> 
     </span>
    </p>
   </div>
  </div>
 </body>
</html>
