2686 4928
509 367 833 445 ...το-

147 579 312 667 qnondam
336 578 422 642 cerui
440 569 518 636 alibi
539 569 741 637 dictassent.
786 563 852 635 Csr.
875 566 1024 635 Servium
1042 569 1085 636 ad
1104 571 1197 658 Virg.·

145 684 209 753 Ecl,
235 682 299 762 11.,
328 683 384 747 29.
433 676 605 742 Praeterea
631 685 784 738 vocantur
809 674 890 736 valli
915 687 947 737 et
971 680 1054 740 ocri.
1107 672 1196 760 Virg.

145 787 262 870 θεοῖς.
285 785 333 864 l.,
353 778 430 849 264.
472 776 570 865 Apud
593 774 842 862 Xenophontem
863 775 903 843 de
922 795 994 843 ven.
1017 800 1065 866 cp.
1087 784 1118 846 2.
1142 773 1205 845 di-'

144 905 260 958 cuntur
280 884 436 972 uxdlcdec.
1094 924 1101 941 .
1188 931 1191 936 .

247 1066 279 1107 v.
294 1046 349 1111 89.
392 1037 453 1103 Est
467 1037 584 1117 etiam,
606 1032 726 1120 inquit,
748 1056 813 1099 non
826 1034 984 1100 minimus
997 1056 1069 1101 usus
1083 1039 1197 1125 laqueis

142 1149 337 1221 muricibus,
365 1142 422 1227 qui
438 1140 513 1226 pedi
533 1139 619 1205 ferae
639 1138 838 1205 inhaerentes
855 1153 1036 1204 currentem
1055 1160 1200 1227 sequun-

141 1258 226 1338 tur.]
244 1246 357 1314 Wsd.
401 1246 485 1311 Num
507 1239 661 1328 particula
692 1241 842 1307 solutiore
870 1242 999 1308 vinculo
1023 1249 1201 1314 sententiae

149 1353 299 1436 eonffuit
344 1346 399 1414 Ad
414 1347 579 1432 'superiora
599 1365 672 1410 eam
692 1343 806 1410 referri
820 1358 921 1429 patet:
947 1348 1064 1433 Aucto,
1083 1349 1198 1437 iuquit,

148 1457 348 1544 formidinum
366 1463 526 1537 apparatu
546 1467 605 1510 non
615 1448 662 1535 fit
675 1446 790 1534 facilc,
820 1463 854 1511 ut
867 1452 966 1514 bellua
980 1475 1041 1517 non
1055 1455 1198 1540 decipia-

150 1575 217 1640 tur,
244 1581 319 1623 uum
341 1570 400 1620 cic.
445 1547 600 1616 Curlaces
623 1565 730 1615 autem
754 1550 861 1634 laquei
879 1569 1009 1641 possunt
1030 1576 1113 1640 esse,
1143 1561 1201 1645 qui

145 1662 222 1749 pedi
235 1659 332 1747 ferae
340 1657 542 1723 inhaerentes
556 1667 736 1718 currentem
750 1670 944 1738 sequuntur,
960 1657 1012 1723 vel
1026 1663 1081 1744 qui
1096 1677 1199 1730 terrae

143 1763 274 1848 alligati
292 1761 357 1825 huc
371 1758 446 1825 illuc
466 1756 678 1823 extenduntur
697 1769 729 1818 et
749 1776 873 1820 currere
893 1777 951 1842 per
973 1778 1126 1845 campum
1147 1767 1201 1826 vi-

145 1869 285 1934 dentur.
318 1860 385 1927 Sed
396 1861 473 1929 ialso
486 1858 636 1922 Barthius
651 1859 873 1940 iuterpretatur
885 1878 943 1944 per
956 1863 1075 1927 cclcrcs.
1109 1863 1200 1933 Nam

146 1989 287 2056 prorsus
309 1963 409 2030 aliena
426 1979 497 2031 sunt
520 1960 619 2026 verba
640 1958 772 2025 Manilii
789 1957 915 2026 Astron.
936 1960 995 2047 V„
1018 1969 1106 2035 186.:
1130 1995 1198 2036 cur.

152 2067 405 2156 remosqucscras
415 2071 596 2153 pcdiccrum
609 2067 752 2150 compede
766 2080 896 2131 nectum.

256 2247 287 2291 v.
303 2224 357 2289 90.
396 2226 524 2288 Corvino
547 2227 656 2287 iusscrc
677 2227 805 2300 magist
852 2218 964 2287 Odore
985 2225 1075 2294 enim
1094 2234 1202 2298 cervi..¹

145 2351 190 2398 no
206 2327 394 2401 alliciuntur
408 2327 503 2392 cervi.
548 2329 669 2405 Magis,
692 2325 799 2410 potius
814 2324 1010 2407 quam'ali03
1036 2329 1082 2393 ita
1096 2337 1201 2400 veris.

151 2435 236 2499 sime
253 2430 469 2494 Burmannus
520 2427 676 2492 Similiter
698 2424 829 2493 Nemes.
850 2448 880 2491 v.
904 2425 978 2497 214.
1030 2429 1121 2497 Idem
1145 2436 1200 2502 ille

157 2533 274 2600 confert
284 2529 452 2598 Claudian.
469 2531 508 2595 de
520 2529 624 2596 Laud.
639 2529 709 2595 Stil.
725 2553 755 2596 v.
770 2534 860 2610 209,
888 2529 1057 2598 Donatum
1076 2537 1122 2619 ad,
1132 2536 1202 2608 To,-

153 2650 232 2702 rent.
243 2633 383 2720 Adelph.
398 2633 469 2713 IV.,
490 2637 535 2714 3.,
560 2635 626 2714 15.,
646 2632 718 2697 Val.
731 2631 833 2702 Flacc.
847 2632 890 2715 l.,
912 2633 966 2702 74.
989 2633 1064 2719 111,
1082 2643 1159 2708 271.

252 2813 286 2855 v.
305 2792 358 2857 91.
403 2787 577 2854 Obscurior
611 2788 789 2853 venationis
819 2806 998 2874 apparatus.
1049 2790 1202 2862 Fraudu-

149 2897 239 2960 lenta
251 2893 342 2959 ferae
356 2893 475 2979 species
491 2890 657 2976 artificiose
672 2889 759 2957 facta
773 2890 904 2976 laqueos
925 2892 1094 2974 insidiosos
1107 2899 1201 2966 vide-

152 3013 207 3063 tur
220 2996 371 3063 obtexisse
386 2996 551 3082 seramque
564 2993 708 3061 allexisse
721 2994 836 3060 similis
853 2993 976 3061 belluae
992 2994 1115 3062 habitu.

255 3191 287 3234 v.
300 3173 354 3236 92.
399 3168 490 3252 Quid
508 3169 612 3232 dicam
633 3166 673 3228 de
694 3164 748 3227 illo
764 3186 878 3249 genere
892 3169 1096 3255 pedicarum,
1119 3151 1207 3258 quae¹

151 3277 316 3349 dentatae,
351 3271 474 3352 hamis,
508 3272 598 3357 quasi
625 3269 787 3351 dentibus,
823 3273 982 3355 munitae,
1018 3291 1050 3342 et
1063 3279 1204 3353 {inclusae

153 3380 249 3457 iligno
266 3379 378 3453 robori,
394 3376 444 3439 vel
458 3375 557 3457 tigillo
571 3369 669 3457 gravi,
688 3361 744 3436 ubi
759 3374 840 3458 pede
854 3375 941 3442 ferae
954 3393 1137 3460 tanguntur,
1154 3385 1203 3444 in·

153 3476 288 3544 haerent
295 3479 352 3558 illi,
368 3493 398 3542 et
407 3492 582 3542 currentem
593 3479 744 3562 gravitate
753 3480 869 3541 annexi
880 3479 1002 3546 roboris
1016 3484 1203 3569 retardant]

153 3577 344 3644 Wernsd.
388 3579 464 3644 Sive
478 3584 568 3644 robur
585 3585 711 3660 ilignum
725 3592 864 3641 truncum
879 3580 1034 3663 significat
1047 3592 1203 3664 maiorem,

155 3704 256 3767 quern
279 3683 348 3746 iera
367 3685 488 3768 pedicis
508 3682 672 3765 alligatum
689 3696 760 3767 post
778 3703 812 3746 se
826 3683 990 3767 trahebat,
1012 3688 1095 3770 sive,
1116 3691 1204 3776 quod

156 3785 349 3868 praeplacet,
369 3788 524 3860 arborem,
544 3788 595 3849 cui
616 3782 733 3849 affixae
755 3787 886 3870 pedicae
904 3786 1052 3870 fuerunt3
1078 3809 1203 3857 tanturn

157 3887 285 3970 quidem
310 3903 456 3971 apertum
479 3902 542 3966 est,
581 3908 674 3972 saepe
695 3905 879 3954 venatorem
904 3896 1043 3978 potuisse
1068 3895 1204 3962 bestiam

159 3987 243 4053 hisce
279 3990 412 4054 vinculis
442 3988 633 4072 implicitam
664 3992 882 4078 agitatumque
910 3999 952 4061 ab
981 3996 1052 4063 aliis
1079 4014 1205 4083 praeter

95 4084 120 4157 '.
161 4093 344 4176 opinionem
368 4084 492 4179 capere.
536 4093 641 4162 Versu
662 4109 769 4161 autem
793 4100 847 4164 92.
868 4102 941 4180 quid
961 4113 1055 4184 auget
1074 4117 1204 4171 seuten-
