2686 4928
265 563 300 646 v.
310 576 385 647 21⁷.
428 580 491 646 liic
509 583 607 664 vidit,
631 604 698 672 qna
717 582 854 651 meliore
875 606 912 653 ac
932 587 1079 673 propiore
1096 592 1150 656 via
1171 597 1204 661 in

154 684 278 752 artibus
297 686 365 751 istit
383 680 607 754 lluctuantibus
625 680 706 754 esset
727 688 1002 772 progrediendum.
1045 692 1207 782 Frequens

156 790 506 876 urgentissimam,
533 813 633 874 quam
656 794 914 878 anticipationem
936 810 1065 876 vocant,
1092 819 1207 866 exem.

154 895 217 981 plis
240 895 433 960 illustratum
453 885 497 959 ¹ab
520 891 774 960 Drakenboreho
796 896 836 959 ad
858 895 930 962 Liv.
954 899 1013 978 ΙΙ.,
1035 900 1086 968 67.
1116 901 1207 988 §.¹8.,

154 999 243 1084 quod
271 998 451 1063 accusativo
478 998 617 1081 iungitur
645 999 826 1063 enunciatio
854 999 993 1063 relativa.
1054 1003 1133 1072 Eius
1159 1011 1207 1074 rei

154 1121 251 1186 supra
264 1114 311 1165 est
329 1099 515 1187 exemplum
533 1101 674 1165 versibus
687 1107 738 1167 62.
746 1131 786 1153 *-
764 1100 867 1188 665:
887 1103 996 1166 Nonne
1010 1107 1097 1170 vides
1112 1120 1206 1175 sami-

155 1208 246 1281 deos‚
265 1229 358 1303 quum
374 1227 487 1285 magna
501 1209 699 1269 mercede-
721 1211 804 1286 impu
805 1206 905 1269 leriae.
950 1205 1016 1270 Sed
1030 1206 1206 1301 hicimpe-

143 1294 254 1373 'ditius
272 1298 415 1395 loquitur
437 1323 549 1395 poeta,
575 1307 706 1373 diversis
721 1308 867 1373 subiectis
879 1330 953 1375 usus
974 1310 1009 1373 in
1027 1318 1205 1382 accusativo

162 1413 273 1495 (urias)
289 1428 385 1497 atque
403 1411 439 1475 in
457 1408 554 1475 verbo
568 1412 588 1489 (
581 1417 707 1494 puturt)
753 1410 922 1496 sicigitur
941 1412 1055 1478 habeto
1073 1436 1205 1487 senten-

162 1516 255 1585 tiam:
282 1514 380 1598 sidtu
408 1536 468 1599 qua
488 1516 606 1578 artibus
623 1518 754 1599 propior
773 1529 896 1598 putaret
917 1522 979 1580 viu.
1021 1523 1131 1586 Potuit
1147 1529 1206 1592 etsi

158 1622 205 1685 est
223 1616 399 1684 indicativo
418 1619 589 1702 scriptum,
611 1640 675 1681 nou
696 1619 850 1702 repugnat
864 1611 974 1684 tamen
995 1623 1121 1705 regulae
1144 1630 1207 1692 tri.

152 1712 216 1787 ta'e.
263 1719 372 1795 Verba
388 1721 492 1786 enim:
512 1743 572 1806 qua
583 1745 674 1805 prop.
691 1726 796 1805 putuit
813 1725 868 1782 vio
880 1741 944 1782 non
958 1722 1000 1785 ab
1014 1728 1095 1788 vidit
1109 1730 1206 1796 verbo

153 1816 302 1915 pendent
318 1828 375 1888 ne'c
396 1822 561 1908 Hagnonis
582 1822 712 1906 aliquod
733 1822 907 1905 cogitatum
930 1823 1129 1909 exprimunt,
1150 1836 1208 1899 sed

153 1951 232 2007 rem
250 1930 369 1992 certam
379 1941 409 1992 et
432 1927 549 1992 iactam
570 1925 754 2013 significant.
797 1921 908 1988 Nolim
923 1925 1019 2009 igitur
1033 1926 1119 1995 hunc
1131 1954 1208 2009 ver,-

156 2016 245 2099 s'um'
258 2028 404 2115 exemplis
425 2051 640 2096 annumerare
666 2026 707 2094 ab
728 2025 910 2094 Matthiaeo
934 2028 1054 2097 collatis
1076 2034 1118 2097 ad
1140 2034 1208 2107 Cic

154 2150 244 2229 pro
231 2128 327 2225 Rosa.
337 2128 410 2197 Am.
427 2137 480 2197 30
496 2133 645 2218 Heusing.
667 2132 707 2197 ad
729 2130 822 2198 ostie.
839 2132 882 2209 l.,
904 2134 934 2197 7.
955 2136 1008 2199 26.
1053 2136 1083 2198 Τ
1080 2148 1209 2223 rcprdaa

143 2252 270 2335 ἀπίω
267 2256 364 2323 vagae
384 2251 457 2301 sunt
479 2237 617 2301 necdum
640 2233 798 2303 stabilitae
819 2178 915 2297 firrho
936 2256 1004 2300 usu.
1047 2234 1208 2333 Deinceps

149 2344 256 2410 sedere
286 2344 341 2405 e'as
365 2324 461 2420 dixit,
500 2362 581 2424 quac
609 2352 703 2429 post
711 2334 944 2399 dubitationem
972 2333 1037 2401 fixa
1064 2362 1209 2416 manent.

154 2424 290 2510 Confert
308 2432 516 2508 Burmannus
538 2441 618 2507 Plin.
640 2438 684 2506 N.
698 2437 738 2504 Η.
756 2437 813 2516 ΙΙ.,
835 2442 866 2502 7.
887 2441 991 2504 sedere
1013 2447 1114 2528 coepte
1134 2468 1207 2514 san-

159 2550 255 2651 turtula
267 2562 299 2613 et
311 2544 626 2615 animadversionem
640 2548 731 2610 suam
745 2543 787 2608 ad
802 2516 928 2608 Petrou.
942 2566 968 2608 c
983 2548 1013 2611 8.

244 2703 383 2790 ,1.219.
427 2698 590 2764 Abstinuit
608 2699 663 2763 ille
684 2697 837 2760 comitum
865 2698 960 2764 turba
987 2713 1019 2763 et
1039 2719 1210 2788 apparatus

150 2805 406 2893 impedimento,
428 2803 532 2887 qualis
547 2797 707 2886 Cephalus
728 2797 849 2863 Ouidio
862 2798 944 2866 Met.
959 2801 1148 2882 vlt-,ooa-
1160 2830 1210 2896 sq:

149 2910 260 2995 putuit
287 2907 332 2972 ad
352 2921 515 2972 venatum.
559 2901 682 2971 Ulitius
709 2914 799 2986 putat
825 2916 949 2966 notasse
976 2917 1106 2986 poetam
1134 2912 1209 2977 aevi

151 3013 207 3078 sui
223 3010 453 3096 oenomelum,
474 3027 539 3092 quo
554 3001 665 3072 venari
686 3007 833 3071 timentes
845 3003 1041 3069 Romulidae
1055 3007 1118 3092 ipsi
1136 3029 1210 3076 ser·

152 3114 257 3181 edem·
274 3133 411 3199 uperam
435 3109 643 3177 adhibebant.
686 3107 837 3192 Namque
853 3121 949 3174 antea
961 3106 1037 3174 solis
1057 3107 1210 3182 heroibus

151 3219 214 3284 ltoe
235 3213 446 3287 conueniebat
462 3236 550 3299 opus.
593 3210 682 3276 Male
695 3209 902 3277 Burmannus
921 3215 1044 3276 turbam
1067 3223 1208 3282 comitem

148 3304 385 3409 interpretatus·
398 3333 444 3383 est
471 3312 714 3381 multitudinem
740 3339 868 3393 cunum;
906 3314 1106 3399 intelligendi
1135 3331 1208 3386 sunt

150 3428 260 3511 potius
281 3422 410 3489 famuli.
440 3444 470 3487 v.
491 3419 603 3484 Horat.
623 3418 723 3503 Epist.
738 3422 782 3499 l.,
808 3423 857 3498 6.,
878 3417 930 3485 58.
981 3421 1062 3485 Vasa
1086 3410 1209 3486 instru-

152 3545 263 3595 menta
277 3535 351 3592 sont
365 3541 396 3591 et
417 3545 511 3589 arma
529 3522 705 3586 venatoria.
748 3518 891 3584 Adduxit
903 3512 1069 3586 Pollucem
1084 3523 1137 3588 lib.
1151 3523 1205 3607 V„

153 3654 188 3700 c.-
200 3637 232 3698 8.
253 3625 517 3706 Wemsdortius,‘
552 3623 611 3688 ubi
638 3625 787 3688 dicuntur
806 3629 950 3709 συνεργοὶ
970 3628 1135 3713 κυνηγέτου
1153 3632 1207 3696 καὶ

154 3737 305 3816 oraine·
320 3737 455 3796 tenentia
470 3732 559 3808 longe
570 3726 747 3792 continenti
759 3725 842 3791 serie
849 3738 880 3788 et
894 3725 989 3814 longo
1002 3731 1115 3810 ordine
1127 3752 1205 3818 pro-

157 3837 306 3903 cedentia.
323 3831 394 3918 ,cfr
410 3832 540 3899 Nemes.
559 3854 589 3897 v.
602 3828 691 3914 806]
707 3825 899 3898 Werusd.

217 4012 221 4019 ·
239 3976 282 4072 r.
297 3995 373 4058 220.
394 3993 481 4072 operi
494 3992 601 4070 petito.
632 3985 723 4066 Vago
736 3981 914 4065 significatu
926 3985 1025 4050 utitur
1037 4004 1112 4066 opus
1126 4001 1204 4049 voce

161 4091 297 4173 Gratius.
339 4092 485 4174 Intellige
499 4082 649 4173 praedam
664 4098 833 4171 speratum.

410 4223 415 4232 .
872 4195 895 4262 7
915 4198 936 4237 4
