2686 4928
500 343 842 421 ...m-.-

137 598 142 605 .
174 582 188 593 .‚
250 545 373 613 vrssffl·
418 536 654 624 thmuenauo.
698 543 870 609 Venenum
886 551 1005 628 nigrum
1018 549 1194 635 appellatur

138 676 164 720 ὃ
193 650 296 738 poeti.
321 646 416 733 quari
437 645 563 722 letale„
584 649 759 715 funestum.
805 643 1192 733 virg.Aen.1V.,5tu

144 762 232 837 nigri
250 778 318 818 cum
334 753 413 815 lacto
429 757 546 818 ueneni.
589 753 639 816 Ita
656 753 772 818 Titius.
815 750 1054 820 Wernsdorlius
1074 756 1193 827 dictum

147 859 311 953 existimat
322 854 363 921 ol)
376 867 466 955 atrae
486 853 560 919 bilis
575 855 710 940 copiam.
764 944 768 951 ,

251 1010 373 1079 0:228.
394 1010 478 1075 Tunc
493 1015 598 1077 viroso
613 1012 681 1075 Tibi
688 1025 745 1074 etc.
771 1011 919 1074 Castores
928 1006 1030 1077 fibrae
1042 1031 1195 1103 rorantur

149 1112 481 1193 etffibuemturit,
510 1114 551 1179 de
570 1114 686 1198 quibus
706 1112 829 1203 Plinius
847 1112 887 1179 N.
907 1113 948 1180 fl.
962 1114 1097 1182 XXXII.
1119 1142 1146 1185 c.
1162 1126 1194 1185 8.

151 1217 357 1287 Furore-dicit
368 1228 499 1305 propter-
507 1218 641 1283 odorem
657 1215 903 1300 graveolentem,
917 1216 1083 1297 foetidum,
1097 1243 1194 1304 ama-

145 1344 245 1405 rum,
277 1304 475 1385 uruit-osam
503 1323 628 1384 eluviem
649 1317 781 1387 Gratius
800 1339 829 1384 v.
845 1319 929 1387 355.
945 1335 976 1387 et
1002 1327 1132 1389 odorato
1153 1352 1192 1391 m.

147 1429 178 1493 b.
189 1428 262 1501 uiro
281 1422 362 1489 ibid.
375 1446 406 1489 v.
419 1422 493 1489 4¹6.
535 1423 623 1489 Nam
639 1425 681 1489 ad
697 1423 956 1524 bonitateanus
971 1429 1197 1499 medicaminis

143 1531 354 1616 βαρύοσμον,
373 1515 554 1610 βρὼμῶδες,
575 1529 667 1612 δριμύ
680 1528 813 1611 requirit
825 1527 1047 1615 Dioscorides,
1068 1548 1199 1605 notante

146 1632 274 1713 Ulitio,
304 1627 483 1715 quiedam
505 1629 678 1712 Virgilium
699 1632 897 1715 comparavit
917 1628 1034 1717 Georg.
1058 1636 1100 1720 I-.·,
1129 1641 1199 1708 58.·:

151 1739 316 1821 virosaque
342 1735 465 1801 Poutur'
478 1734 635 1798 Castorea.
679 1736 816 1798 domabis
837 1734 858 1797 i.
880 1753 909 1799 e.
931 1739 1098 1818 coquendo
1118 1763 1200 1807 con-

136 1854 257 1918 teres,
280 1854 485 1919 comminues.

260 1980 382 2073 eust.
426 1991 599 2054 Lentescerc
629 2010 744 2071 cogens.
785 1989 906 2056 Terens
935 2006 965 2057 et
992 1993 1137 2080 subigens
1162 2020 1201 2066 eo

158 2086 275 2179 irsque,
304 2088 384 2159 dum
403 2092 489 2159 lenta
512 2108 543 2157 et
564 2095 666 2159 tenuis
690 2117 796 2160 massa
818 2093 883 2160 liat.
925 2097 971 2162 sic
999 2100 1096 2166 lentos
1117 2103 1203 2171 order

157 2195 266 2284 pistilli
288 2197 324 2260 in
345 2197 424 2262 tritis
445 2188 760 2282 moltitisque'herbis
782 2200 966 2264 circumacti
984 2216 1075 2267 vocat
1094 2188 1205 2275 auctor

152 2298 319 2377 Moretiy.
338 2296 425 2383 tte]
444 2298 630 2367 Wernsd.

150 2460 157 2470 '
261 2477 293 2521 r.
301 2456 376 2525 226.
397 2457 626 2553 Admisreusqua
638 2456 740 2520 diosc.
752 2453 884 2522 terendo
894 2468 923 2520 et
932 2442 1203 2555 circumagendo]

152 2556 346 2625 Wernsrt

260 2682 387 2761 1228.
429 2692 500 2770 Non
522 2705 705 2759 cunctantes.
748 2688 855 2754 Lactis
870 2690 1024 2759 nimirum
1036 2695 1207 2768 admistio-

153 2817 198 2861 ne
212 2793 370 2881 liquidos,
390 2809 422 2860 et
434 2797 469 2858 in
484 2817 601 2860 canum
616 2794 690 2878 gula
701 2815 767 2857 non
779 2787 956 2878 haesuros]
970 2796 1011 2857 lo
1021 2796 1104 2869 hns.
1146 2808 1207 2869 Iu.

157 2894 288 2983 fraudere
306 2923 400 2963 cornu
419 2921 448 2962 v.
461 2898 575 2982 Virgil.
595 2892 711 2980 Georg.
728 2891 804 2975 111,
830 2893 923 2960 509.:
948 2898 1073 2984 Profuit
1094 2910 1207 2971 inserto

164 3004 272 3069 latices
287 3003 448 3091 ¹infundere
468 3009 589 3079 cornu.'‚·
611 3014 642 3065 et
656 2996 866 3077 Colum.Vl.‚
888 3001 1014 3075 10.,1.:
1035 3004 1208 3095 lucrifacta

160 3108 287 3195 sorbr'tio
299 3129 357 3190 per
369 3127 463 3170 cornu
475 3105 671 3191 infunditurJ
691 3098 880 3195 Wernsd,
945 3186 948 3191 ἢ

266 3282 298 3326 ν.
312 3258 520 3328 stt-240.
562 3257 678 3322 Finitis
695 3255 762 3335 his,
783 3274 866 3340 quae
886 3256 925 3322 de
941 3259 1072 3326 canibus
1088 3265 1211 3332 veloci-

158 3362 395 3443 ltusvoluerat,
418 3378 593 3448 antequam
612 3358 654 3422 ad
673 3374 773 3442 equos
791 3373 944 3442 transeat,
971 3386 1078 3449 pauca
1097 3368 1138 3434 de
1152 3392 1209 3436 ca.

150 3469 258 3533 nibus
285 3467 449 3553 sagacibus
469 3465 652 3552 interponit.
695 3463 874 3527 Tuscorum
899 3464 951 3528 vel
971 3465 1210 3551 Tyrrhenorum

159 3588 281 3636 canum
297 3592 364 3634 non
378 3571 459 3638 alius
473 3566 647 3652 meminit]
658 3565 848 3631 Wcrnsd.
891 3560 958 3629 Cur
978 3567 1071 3634 hos-a
1081 3572 1212 3660 reliquis

159 3679 372 3758 separaverit,
400 3677 467 3760 ipse
487 3677 646 3740 rationem
667 3667 822 3752 eloquitur
840 3693 869 3735 v.
884 3670 974 3754 238]
995 3670 1095 3742 Ulit.
1138 3677 1211 3761 Ego

152 3789 262 3860 puto,
281 3776 360 3843 haec
373 3776 523 3842 incidisse
536 3774 745 3853 Nemesiano,
768 3792 840 3836 eum
854 3773 922 3836 iam
937 3773 977 3838 de
991 3777 1120 3842 mnibus
1134 3779 1211 3842 lini-

162 3878 259 3963 erat]
281 3877 414 3946 Burm.
458 3900 517 3943 non
534 3894 579 3944 ost
594 3878 885 3960 amomaootuprae
904 3875 1047 3943 innon
1060 3880 1211 3950 minima.

153 3978 374 4049 dlalucinatur
388 3981 611 4061 Burmannus,
631 3983 687 4066 qui
704 3981 805 4044 etiam
819 3982 865 4045 sic
879 3984 1024 4064 exponit:
1045 4004 1105 4077 qou
1125 4008 1211 4050 sum-

163 4106 217 4150 ata
230 4108 262 4154 u.
279 4082 477 4171 Argumenta
490 4086 526 4150 in
538 4086 647 4173 aprico
658 4083 770 4170 posita.
823 4092 876 4235 '¹4
