2686 4928
146 344 209 402 ΣΝ

150 558 192 609 ac
207 522 424 605 doctissimus
445 522 710 619 praefationibus
723 521 797 620 ipse
810 527 882 603 suis
900 552 952 603 sat
968 528 1106 608 abunde
1123 534 1192 611 de-

150 661 296 742 claravit
343 659 427 734 Eius
447 687 532 735 cura
551 681 628 733 tum
647 658 685 733 in
706 686 749 734 eo
769 661 936 757 cernitur,
962 665 1061 762 quod
1076 668 1192 745 varie-

149 817 252 870 tatem
284 792 470 888 scripturae
500 791 638 892 collegit
670 819 776 886 quam
809 796 1076 892 accuratissime,
1114 821 1193 877 tum

146 929 247 1026 quod
280 954 397 1002 rerum
426 953 469 1000 ac
496 924 741 1001 sententiarum
772 948 935 1021 perpetua
969 927 1193 1026 explicatione

129 1059 132 1064 ’
146 1061 228 1138 usui
239 1058 427 1162 legentium
440 1056 608 1154 inserviit,
630 1078 708 1132 tum
719 1083 801 1134 vero
816 1059 965 1138 maxime
976 1064 1075 1159 quod
1088 1092 1192 1141 com..

112 1178 115 1183 ’
146 1194 317 1273 mentatiis
347 1191 576 1288 quibusdam
616 1189 760 1267 seorsim
785 1192 887 1288 quasi
915 1196 1086 1272 corollarii
1110 1201 1193 1275 loco

145 1327 325 1421 adiunctis,
349 1324 491 1400 uberius
504 1322 673 1420 quasdam
685 1351 739 1399 res
754 1346 788 1399 et
800 1327 990 1403 accuratius
999 1329 1192 1409 fflusmvia

154 1482 158 1487 ’
247 1457 344 1539 XVL
393 1457 528 1552 Restat,
542 1455 773 1537 utnominem
785 1458 1190 1558 Fridericumlaoebum,

44 1692 46 1702 y
145 1620 261 1691 aquo
282 1588 460 1665 meliorem
477 1589 594 1661 lucem
619 1610 788 1684 exspectat
808 1591 971 1667 Manilius
992 1614 1104 1687 poeta.
1154 1597 1189 1677 12

144 1743 396 1828 programmate
415 1719 571 1815 quodam
591 1749 660 1797 suo
679 1722 846 1797 Posniani-
860 1724 1029 1829 gymnasii
1049 1728 1189 1802 annali-

143 1866 212 1939 bus
233 1886 263 1934 a
288 1871 397 1938 1826.
418 1852 608 1950 praemisso
630 1854 739 1929 Gratii
767 1854 900 1952 aliquot
922 1882 1040 1934 versus
1062 1881 1096 1934 et
1122 1888 1186 1935 ex-

143 1987 483 2092 plicavitotcotrexit
495 1985 614 2078 etiam,
639 1981 838 2080 addiditque
851 1987 1189 2082 priorumXXver-

143 2152 251 2202 suutn
277 2121 471 2200 versionem
501 2116 743 2193 Germanicam
772 2116 926 2193 studiose
955 2142 989 2194 et
1017 2124 1189 2222 eleganter

134 2261 360 2346 elaboratam.
416 2253 517 2329 ldem
543 2248 709 2328 versionis
741 2247 949 2349 Pesletianae
985 2279 1109 2328 censor
1136 2292 1189 2315 α·

141 2414 355 2488 quamquam
380 2385 482 2456 istam
509 2408 797 2457 communerasse
822 2383 935 2459 taedet
957 2422 1009 2449 -s
1034 2384 1190 2483 (Annall.

142 2522 312 2620 philolog.
341 2538 375 2591 et
397 2513 586 2612 paedagog.
612 2539 641 2585 a
668 2525 776 2588 1826.
802 2512 907 2585 Tom.
928 2512 975 2586 Il.
998 2515 1077 2589 Vol
1100 2522 1127 2589 I.
1152 2547 1187 2612 p.

146 2649 397 2748 ηομ-130.)
408 2644 621 2722 coniecturas
635 2641 779 2739 protulit
791 2669 871 2717 suas
885 2645 1064 2739 quasdam
1112 2650 1187 2725 Sed

144 2788 189 2862 de
216 2779 372 2881 plurimis
404 2777 529 2855 Vtrum
555 2775 748 2869 eruditum,
788 2774 930 2851 decretis
959 2776 1031 2852 suis
1061 2776 1186 2856 iterum

142 2918 335 3010 imumque
347 2909 560 3002 martinatis,
586 2907 680 2983 aliter
691 2904 926 2982 iudicaturtuu
941 2909 1055 2987 credo.

242 3043 403 3138 Denique
426 3044 585 3136 exunplo
602 3069 689 3126 usus
705 3039 926 3117 Wemsdorfi
949 3063 1048 3118 notas
1068 3070 1183 3139 appo—

142 3208 242 3273 nam,
275 3175 403 3273 quihus
425 3197 503 3248 mm
525 3173 562 3247 in
585 3174 742 3250 satietate
762 3171 964 3272 scripturae,
995 3196 1072 3248 tum
1095 3174 1181 3248 meis

142 3306 495 3391 Commentationibus
509 3307 674 3384 editiones
687 3304 798 3382 Gratii
806 3327 842 3382 et
853 3304 1048 3382 Nemesiani
1061 3299 1180 3406 signa-

143 3470 194 3522 tas
220 3443 386 3523 invenies:
546 3474 549 3478 ·

192 3579 278 3654 Me.
304 3581 433 3650 Codex
453 3577 655 3649 Thamara
673 3568 780 3666 Ulitii.
887 3593 890 3597 ·

194 3712 242 3785 Α.
268 3711 431 3794 Aldina,
456 3704 604 3780 Vertetiis
622 3713 730 3782 test.

192 3845 247 3916 sc.
272 3841 468 3936 stayneri,
484 3835 673 3936 augum
686 3831 788 3908 vua
805 3813 926 3910 ssstl

192 3977 259 4054 or.
283 3974 532 4067 cryptam,
560 3976 668 4043 test.
