2686 4928
502 336 852 417 ...122....

154 538 216 617 ll..
242 533 294 603 50.
338 533 589 619 sem.1t.‚s..
614 543 685 606 139.
710 540 781 609 157.
816 546 860 623 1..
881 544 928 625 8.·,
948 546 993 615 2.1
1020 538 1137 626 Ergo,
1164 556 1213 609 ot·

153 641 323 707 redeamus
344 641 385 705 ad
406 645 614 723 sententiam,
635 647 771 707 hobitum
790 648 913 710 virtutis
936 646 1044 728 accipe
1065 647 1106 709 de
1128 668 1211 711 mo-

38 770 44 783 ·
154 744 226 808 dica
247 745 352 828 specie
384 761 532 824 externa,
570 747 712 811 indolem
745 748 784 811 de
812 750 920 813 animo
951 752 1054 832 potius
1089 750 1209 817 virtute

36 858 39 863 '
152 847 363 913 corroborato.

256 1009 286 1054 v.
300 985 372 1052 324.
416 983 520 1050 Locus
533 1002 578 1051 est
592 986 806 1052 nobilissimus
820 986 977 1072 profecto,
999 1010 1064 1074 quo
1076 987 1207 1053 Roma·

152 1114 270 1157 norum
284 1092 413 1176 ingenia
429 1089 637 1168 extolluntur,
660 1091 745 1154 haud
759 1088 881 1157 alien'us
898 1092 1073 1174 granditate
1086 1112 1146 1157 sua
1161 1092 1205 1155 ab·

152 1197 308 1280 Virgilio,
340 1217 359 1258 a
382 1217 446 1280 quo
469 1194 693 1258 Romanorum
715 1195 822 1260 laudes
842 1194 923 1260 Aen.
949 1194 1002 1261 lib.
1019 1195 1081 1258 vl.
1101 1195 1200 1261 versi-

151 1301 211 1364 bus
232 1296 437 1365 ete-854.
460 1320 535 1362 curn
558 1295 691 1364 Graecis
715 1312 946 1382 comparantur.
995 1297 1047 1361 lbi
1072 1294 1210 1363 Roma-¹

150 1424 267 1467 norum
282 1402 446 1488 proprium
467 1401 560 1478 dicit,
582 1416 616 1464 ut
631 1405 788 1487 imperent
804 1417 962 1464 terrarum
979 1401 1069 1480 orbi,
1095 1414 1210 1473 noster

150 1506 233 1569 adeo
253 1506 345 1570 altius
366 1507 497 1587 assurgit
515 1519 611 1587 atque
631 1506 774 1568 imitatus
795 1504 965 1586 Virgilium
979 1501 1066 1597 [Aen.
1090 1501 1154 1569 Vl.
1173 1524 1204 1571 v.

150 1614 224 1675 783.
246 1610 337 1674 terris
358 1609 549 1691 imperium,
571 1609 721 1671 virtutem
741 1609 800 1670 diis
822 1606 1057 1672 immortalibus
1077 1628 1210 1690 aequa-f

24 1732 29 1741 ·
148 1714 202 1777 vit.
245 1710 298 1774 De
317 1711 433 1774 talibus
455 1710 580 1773 llomae
601 1713 777 1794 praeconiis
790 1708 844 1772 csr.
861 1709 961 1794 Heyn.
978 1710 1018 1773 ad
1035 1710 1129 1791 Virg.
1144 1700 1203 1775 l.-'l.

148 1814 337 1881 Mirandum
360 1815 455 1895 igitur
470 1814 610 1898 profecto
631 1829 691 1893 cst,
713 1814 882 1876 Heinsium
904 1827 1040 1875 mutasse
1059 1814 1209 1897 scriptu-'

146 1941 220 1985 ram
249 1918 421 2000 vulgatam.
471 1920 573 1995 Agere
601 1933 645 1980 est
671 1939 865 2001 promovere,
901 1917 1060 1997 extollere,
1094 1930 1132 1979 ut
1160 1916 1207 1981 dc·

147 2022 256 2108 planta
275 2033 429 2082 crescente
450 2019 580 2100 legitur:
608 2034 696 2081 oetas
711 2025 754 2082 od
775 2024 879 2082 sidera
897 2023 985 2100 pinus
1006 2017 1096 2103 Virg.
1112 2017 1198 2089 Aen.

52 2116 55 2122 ¹
147 2126 222 2202 XL,
242 2126 313 2215 136.
330 2135 374 2183 et:
394 2127 462 2200 ogit
477 2143 508 2183 se
520 2123 636 2204 palmes
650 2125 693 2183 od
708 2119 926 2201 aurasGeorg.
941 2121 997 2199 ll.,
1009 2120 1084 2187 364.
1123 2122 1202 2187 Ad-'

148 2226 233 2290 ditur
264 2225 414 2287 Horatius
447 2220 555 2289 Carm.
583 2224 694 2303 11.‚2.
723 2247 751 2290 v.
775 2229 823 2290 7.:
859 2226 950 2286 illum
984 2236 1058 2301 aget
1085 2247 1192 2307 penna

147 2344 294 2394 manente
305 2330 384 2393 solvi
397 2329 497 2390 Fama
508 2343 664 2413 superstes.
708 2325 873 2391 Claudian.
889 2328 918 2392 b.
937 2323 1009 2391 Get.
1029 2330 1093 2391 122.
1113 2326 1188 2393 Vel.

145 2432 249 2499 Flacc.
265 2434 322 2511 ll.,
343 2433 412 2495 179.
436 2429 614 2496 Columella
628 2432 683 2509 11.‚
707 2435 757 2495 16.
802 2431 911 2514 ltaque
926 2431 1026 2493 virtus
1040 2442 1085 2495 est
1096 2428 1198 2511 clam

145 2554 184 2602 ut
202 2537 306 2618 inquit
327 2533 545 2614 Burmannus,
577 2555 660 2616 quae
680 2536 776 2599 crevit
798 2535 833 2596 in
853 2537 1062 2600 immensum.
1107 2531 1196 2601 Seu·

144 2642 279 2706 tentiam
295 2638 445 2722 expressit
458 2636 582 2701 Horatii
596 2633 702 2701 Carm.
718 2637 789 2716 IV.‚
808 2637 856 2700 15.
871 2660 900 2698 v.
920 2642 1020 2702 13.-
1030 2640 1085 2703 16.

248 2812 279 2875 v.
301 2792 375 2860 325.
409 2796 546 2858 tetendit.
573 2795 617 2856 od
643 2791 881 2878 repetendum]
913 2792 1009 2856 Ulit.
1053 2792 1198 2881 Scaliger
1226 2800 1238 2837 ⁸

143 2917 312 2989 perperam
331 2896 366 2958 iu
385 2917 442 2959 ora
462 2898 581 2960 codicis
603 2899 783 2982 scripserat:
802 2919 913 2959 summo
931 2920 962 2960 se
983 2901 1121 2961 exlendit
1140 2903 1195 2963 iro·
1228 2877 1238 2919 Ἰ

144 3025 226 3067 nore.
269 3000 322 3062 De
345 3001 537 3081 geminanda
558 3001 791 3087 praepositione
813 3000 877 3065 vid.
897 3000 938 3064 ad
961 2997 1072 3063 Claud.
1095 2999 1191 3069 Cous.
1234 3042 1237 3049 ·

142 3106 227 3169 Hon.
252 3100 324 3179 IV.‚
351 3105 438 3186 207.]
462 3100 605 3168 Burm‘
643 3102 719 3165 Non
747 3104 848 3186 magis
876 3118 921 3167 est
947 3108 1191 3187 praepositionis
1215 3136 1235 3149 ··

143 3203 288 3283 omissio,
317 3225 416 3288 quam
431 3205 517 3288 apud
532 3203 703 3269 Lucanum
718 3205 808 3285 Vll..
830 3206 920 3270 472:
948 3210 1073 3272 aethera
1090 3212 1189 3273 tendit

136 3311 260 3399 Jrogor.

246 3470 275 3509 v.
299 3446 372 3508 326.
416 3446 536 3507 Scilicet
557 3466 577 3507 a
590 3466 778 3528 magnarum
796 3467 902 3510 rerum
919 3450 1059 3529 imagine
1074 3470 1187 3537 capere

141 3548 327 3632 exemplum
349 3550 483 3630 poteris,
510 3549 670 3630 quomodo
697 3550 815 3628 exiguis
839 3551 932 3614 rebus
952 3553 1187 3634 providendum

140 3655 199 3733 git,
231 3669 312 3733 quae
334 3651 415 3711 ratio
437 3655 476 3713 sit
495 3652 533 3713 iis
556 3653 813 3715 administrandis
837 3654 1037 3734 adhibenda,
1068 3672 1100 3721 et
1123 3680 1185 3741 quo

140 3755 207 3823 fine
220 3751 441 3833 moderanda]
457 3753 642 3817 Wernsd.
664 3752 781 3817 Confer
798 3770 860 3820 not.
870 3758 910 3819 ad
925 3763 1035 3822 vett.
1059 3764 1186 3840 Regitur

140 3859 231 3936 talin,
246 3856 266 3919 i.
283 3874 310 3918 e.
324 3857 479 3932 dirigitur.
527 3856 677 3920 Suetonio
692 3858 770 3939 Aug.
792 3881 817 3923 c.
832 3861 883 3925 24.
899 3865 1093 3944 disciplinam
1108 3867 1184 3927 reris

140 3965 327 4045 scripturam
343 3956 486 4041 praetulit
497 3955 703 4024 Casaubonus
720 3964 767 4039 ci,
791 3984 887 4043 quam
909 3966 1059 4048 praebent
1075 3964 1183 4033 Ursini

140 4066 232 4131 codd.
249 4066 355 4143 exegit.
398 4058 467 4125 Hoc
486 4064 581 4129 modo
605 4064 828 4150 explicandum
851 4074 1009 4151 imperium
1028 4093 1132 4149 regere
1152 4084 1181 4133 et
