2686 4928
506 214 533 259 *ι

500 413 585 436 -v-
638 380 712 456 137
760 420 847 436 --

127 575 134 590 ’
250 611 280 652 v.
297 585 386 651 881.
419 581 485 649 Sed
505 584 587 648 varii
608 597 678 648 sunt
693 597 801 647 motus
815 596 846 646 et
859 578 1091 668 progressiones
1106 599 1198 643 mor·

141 691 281 767 borum,
311 706 371 751 uec
391 669 504 752 earbm
524 706 590 750 una
611 685 789 772 eademque
811 687 859 752 vis
883 700 935 750 est
980 682 1091 767 Quare
1114 680 1199 747 disce

141 791 379 860 vicissitudines
394 811 506 855 eorum
520 803 550 853 et
565 790 768 866 variationes,
784 802 814 852 et
827 810 925 873 quam
939 790 1123 873 proximam
1137 807 1199 871 pa-

142 899 406 978 ratissimamque
428 891 527 956 habes
550 886 819 971 medicationem,
847 904 946 957 tenta.
991 895 1032 957 V.
1053 916 1082 957 v.
1107 889 1198 975 eet]

149 997 339 1064 Wernsd.
380 996 485 1060 Motus
507 994 569 1058 dici
597 999 715 1059 morbos
741 995 846 1061 docuit
871 996 1020 1063 Heinsius
1046 998 1089 1063 ad
1116 996 1199 1062 Vell.

146 1103 265 1168 Paterc.
282 1100 345 1179 ll.,
368 1101 441 1164 128.
464 1104 593 1162 monitus
606 1098 815 1165 Burmannus
830 1101 971 1166 coniecit.

252 1272 283 1313 v.
297 1248 504 1314 ese-407.
548 1248 666 1313 Rabies
681 1250 842 1333 quomodo
858 1250 1046 1337 expellenda
1063 1250 1118 1328 sit,
1142 1231 1204 1312 do·-

154 1368 258 1433 cetur‚
276 1373 382 1435 eaque
397 1352 514 1437 duplex
530 1367 575 1416 est
588 1354 716 1433 curatio,
738 1354 889 1420 naturalis
906 1354 1071 1440 (usquead
1081 1355 1204 1435 nese.)

156 1473 188 1523 et
210 1458 422 1540 superstitiosa
452 1454 509 1535 (ad
523 1482 553 1523 v.
576 1456 673 1540 407).
718 1457 758 1520 V.
779 1461 984 1529 effla-385.
1029 1462 1068 1522 Ia
1094 1459 1206 1522 catulis

141 1562 532 1633 mbimvebementissima
555 1574 615 1634 est,
645 1575 674 1624 et
698 1566 750 1636 iis,
772 1568 823 1646 qui
844 1566 997 1627 tardiores
1014 1576 1083 1626 suat
1101 1567 1132 1624 in
1150 1587 1207 1624 cu-

150 1654 271 1763 rapdo,
303 1685 357 1742 nee
369 1664 509 1727 celeriter
522 1679 716 1748 succurrunt,
748 1668 926 1728 insanabilis
945 1672 1063 1749 vimque
1082 1651 1205 1729 leialem

148 1771 316 1839 ocularet.
363 1767 556 1830 Tutissimum
585 1772 694 1849 igitur,
732 1771 914 1848 praevenire
936 1770 1050 1830 malum
1081 1771 1208 1835 auxiliis

153 1878 271 1941 eteius
283 1875 438 1955 principia
452 1875 579 1936 nefacere.
626 1869 674 1931 lta
688 1866 754 1931 sere
771 1866 925 1934 Wernsd.
969 1874 1108 1936 Plurima
1121 1893 1150 1937 v.
1166 1854 1238 1934 ad·
1303 1869 1304 1872 '

155 2006 189 2047 v,
207 1981 260 2042 80.
284 1976 418 2039 Tardum
438 1974 471 2034 in
495 1971 687 2035 medicando
707 1971 853 2036 describit
868 1971 958 2056 Virg.
976 1970 1018 2042 G.
1039 1974 1113 2054 lll.,
1133 1973 1208 2038 455.

156 2064 328 2164 Displicuit
348 2075 508 2139 lohnsono
527 2081 586 2150 sic,
609 2075 935 2161 utpotelanguidum,
958 2078 1084 2144 refinxit
1098 2080 1210 2162 igitur:

155 2185 336 2273 praecipita
355 2182 375 2243 Ι.
393 2204 432 2242 m.
449 2183 598 2242 maturius
620 2201 702 2258 ergo.
748 2179 814 2245 Sed
836 2180 971 2245 refertur
985 2188 1030 2270 sic
1048 2185 1090 2248 ad
1113 2206 1211 2272 prae·
1243 2168 1247 2174 ⁴
1302 2261 1307 2272 ἱ

153 2302 248 2378 cepta
261 2282 437 2369 sequentia.
554 2294 561 2311 ·

261 2448 294 2492 v.
311 2425 385 2489 886.
429 2423 531 2496 Subit,
560 2417 679 2484 occulte
701 2417 815 2503 gliscit,
836 2419 877 2483 ad
891 2420 1064 2508 ligamenta
1085 2422 1135 2488 vel
1159 2447 1213 2492 ra-

164 2529 265 2596 dicem
280 2526 426 2608 linguae,
447 2523 655 2603 vermiculus,
682 2526 739 2609 qui
756 2524 940 2591 describitur
961 2525 1099 2604 aPlinio
1114 2528 1156 2595 N·
1171 2529 1213 2598 H.

162 2631 302 2713 XXIX„
323 2628 370 2695 5.:
396 2631 452 2693 Est
471 2629 706 2692 vermiculusin
729 2631 835 2710 lingua
855 2655 982 2708 canum,
1016 2632 1068 2718 qai
1085 2626 1215 2699 vocatur

158 2762 185 2805 a
198 2738 328 2802 Graecis
346 2735 444 2812 lyita:
477 2753 533 2813 quo
553 2745 690 2814 exempto
712 2731 879 2816 infantibus
901 2739 1012 2801 catulis
1033 2761 1086 2802 nee
1112 2744 1216 2804 rabidi

150 2841 257 2931 fiune,
289 2835 522 2922 neelfastidium
542 2839 686 2918 sentiunt,
728 2838 886 2899 incondita
898 2845 1007 2922 pestis,
1028 2838 1170 2926 maligna
1185 2859 1216 2911 et

161 2941 349 3026 horrenda]
369 2936 559 3003 Wernsd.

269 3093 300 3142 v.
332 3078 405 3141 388.
458 3054 625 3136 Vetustam
656 3067 826 3134 lectionem
864 3081 1024 3158 proecepit
1062 3080 1221 3145 revocavit
1280 3134 1285 3140 .
1333 3146 1337 3153 ,

167 3174 433 3254 Wernsdorfius,
468 3195 568 3259 quam
589 3172 669 3237 olim
692 3170 874 3242 Gronovius
894 3176 936 3240 ad
956 3174 1029 3293 Lip.
1054 3177 1143 3261 Vll.,
1165 3188 1219 3249 26.

164 3284 306 3351 mutavit
317 3283 351 3343 in
365 3283 520 3362 percepit,
542 3275 696 3360 probante
710 3278 883 3345 lohnsono.
924 3279 998 3343 Vid.
1010 3280 1162 3350 Lambin.
1178 3287 1221 3350 ad

163 3386 296 3453 Lucret.
316 3379 392 3462 Ill,
419 3385 471 3446 80.
512 3377 609 3462 Apud
627 3377 815 3448 Lucretium
839 3397 869 3447 et
887 3382 1036 3448 Plautum
1057 3383 1222 3471 Amphitr.

166 3491 229 3573 V„
252 3493 298 3570 1.,
318 3490 370 3550 66.
392 3488 550 3568 percipere
570 3497 616 3548 est
628 3491 747 3568 penitus
766 3509 891 3570 capere,
913 3489 999 3571 quod
1016 3510 1083 3552 non
1103 3511 1223 3555 conve-

168 3596 220 3659 nit
241 3586 427 3654 vermiculo.
445 3632 450 3640 -
470 3589 599 3670 ltaque,
626 3588 712 3672 quod
735 3591 936 3656 verissimum
955 3606 1014 3672 est,
1028 3629 1029 3632 =
1043 3600 1223 3679 praecipere

166 3695 227 3761 ubi
244 3693 285 3757 de
296 3706 383 3757 aestu
404 3705 588 3774 usurpatur,
613 3705 658 3755 est
672 3692 872 3774 praelocare,
898 3697 1126 3781 constringere,
1147 3721 1223 3765 are-

171 3798 292 3875 facere,
308 3807 339 3859 et
356 3795 401 3858 sic
414 3827 460 3844 -
473 3791 734 3858 Wernsdorfium
748 3798 835 3861 enirn
851 3801 943 3882 sequi
956 3800 1116 3886 placet-
1128 3805 1225 3886 angi«

171 3920 253 3966 nam
270 3917 346 3963 oum
361 3896 413 3960 siti
432 3910 463 3960 et
477 3911 563 3962 aestu
578 3900 781 3965 coniunctam
796 3902 962 3987 exprimit,
984 3926 1082 3990 quam
1102 3907 1226 3970 vermi-

176 4000 266 4070 culus
282 3999 316 4064 in
332 3999 464 4065 canibus
481 4015 573 4064 creat.
617 3997 717 4066 Addit
731 4001 886 4071 Wernsd.
902 4005 986 4090 Virg.
998 4006 1065 4072 Ecl.
1081 4004 1156 4088 lll.,
1173 4007 1225 4078 98.

180 4104 280 4174 ovid.
295 4100 378 4171 Fast.
392 4101 466 4188 Ν,
488 4101 560 4172 oto.
580 4120 610 4173 et
624 4119 787 4192 comparat
802 4103 951 4196 Calpurn.
966 4111 1043 4192 IV„
1069 4107 1139 4179 115.
