2686 4928
515 356 865 440 -212—

167 573 282 640 sissimi
306 569 393 632 iuxta
415 587 453 630 ac
477 564 671 630 velocissimi
695 564 912 648 habebantur,
940 579 973 629 et
994 566 1171 651 singulares
1188 572 1225 637 in

167 673 373 760 Cappadocia
395 669 560 734 alebantur
580 689 711 754 greges,
739 667 849 733 usibus
870 674 1103 757 imperatorum
1125 675 1225 742 desti·

168 779 250 855 nati,
279 775 364 839 uode
387 771 459 836 lecti
483 787 634 858 perpetuo
656 772 864 839 mittebantur
884 770 1029 839 Romam
1056 776 1101 840 ad
1130 778 1224 844 ludos

166 877 337 943 Circenses.
383 875 528 941 Testatur
550 873 610 937 hoc
630 874 680 940 lex
699 874 834 958 allegata
855 879 894 940 ds
911 900 996 959 greg.
1012 879 1096 943 dom.
1111 895 1144 945 et
1160 882 1225 948 alia

167 985 222 1050 lib.
237 981 329 1060 XV„
348 980 481 1057 tit.10.‚
501 979 541 1040 dt
558 983 639 1061 equis
652 981 813 1044 curulibus.
855 978 977 1044 Auctor
996 982 1225 1055 velerisOrbis

166 1092 309 1169 descript.
337 1103 358 1149 a
385 1077 589 1147 Gothofredo
619 1081 722 1146 editus
751 1104 822 1168 cap.
851 1086 904 1148 21.
933 1081 974 1146 de
997 1077 1223 1169 Cappadocia:

167 1191 270 1259 Mittit
282 1198 394 1250 vestrm
407 1185 596 1267 leporinam,
618 1184 821 1265 Babylonicas
831 1185 944 1267 palles,
971 1198 1001 1248 et
1023 1189 1145 1253 illorum
1164 1193 1222 1253 dt-

165 1288 511 1359 oncrumcnimalium
536 1282 775 1373 formositatem.
815 1285 973 1383 intelligit
988 1272 1088 1374 equos
1111 1290 1222 1379 lmpe-

165 1411 327 1470 ratorom,
363 1410 499 1475 quorum
522 1388 632 1451 omnia
654 1389 764 1452 divina
784 1387 835 1453 vel
847 1410 935 1452 sacra
956 1389 1019 1454 dici
1042 1414 1222 1475 consuere·

72 1540 75 1546 ,
143 1500 250 1565 runt.
291 1492 411 1558 Auctor
432 1489 590 1555 itinerarii
611 1489 765 1554 Hierosol.
785 1514 817 1575 p.
831 1490 905 1557 577.
926 1493 999 1557 edit.
1016 1490 1221 1583 wesseling:

166 1599 400 1687 Cappadociae,
426 1591 545 1677 inquit,
573 1599 689 1658 mansio
703 1595 885 1679 Andovilis,
914 1596 957 1658 idi
977 1610 1022 1659 ast
1039 1600 1124 1663 villo
1140 1605 1219 1668 Pal-

165 1709 245 1772 mati
263 1701 323 1783 (sic
344 1697 417 1781 legit
439 1690 661 1777 (inhorreo),
687 1699 764 1760 onds
783 1701 988 1787 veniunt‘aqui
1005 1705 1145 1775 aurulae,
1172 1700 1214 1768 Et

163 1805 317 1891 vegetior
344 1801 471 1865 Vsterio.
493 1796 549 1863 lV.
572 1823 640 1883 cap.
664 1804 712 1882 62:
743 1786 886 1891 Curribus
907 1790 1212 1888 Cappadocum-glo-

164 1918 249 1978 rioso
271 1907 423 1971 nobilitas.
466 1900 516 1965 Ex
547 1899 595 1967 bis
616 1898 712 1973 facile
735 1902 944 1986 intelligitur,
973 1927 994 1969 a
1017 1904 1217 1977 Nemesiano

163 2014 285 2102 pariter
307 2004 507 2079 nobilitatem
531 2023 686 2085 equorum
709 2000 940 2088 Cappadocum
967 2028 989 2072 a
1015 2004 1158 2076 victoriis
1188 2027 1220 2077 et

162 2113 280 2203 palmis
301 2109 335 2174 in
351 2106 529 2173 certamine
550 2103 653 2168 curuli
673 2109 806 2190 acceptis
827 2107 1049 2203 describi‚'ita
1068 2113 1218 2205 quidem,

162 2231 199 2281 ut
231 2213 288 2298 qui
314 2210 355 2275 ab
385 2209 424 2273 iis
454 2207 514 2271 orti
541 2205 605 2270 sint
639 2210 712 2292 eqni
740 2208 855 2274 multas
879 2231 1045 2287 numerare
1072 2236 1214 2286 avorum

157 2339 295 2393 ¹suorum
316 2311 440 2397 palmas
461 2311 588 2396 possint.
630 2308 740 2395 ltaque
759 2333 822 2373 non
847 2313 970 2395 dubito,
997 2316 1075 2399 quin
1092 2319 1212 2387 vitiosa

161 2445 223 2489 vox
237 2424 378 2509 ormoto',
397 2433 480 2499 quae
495 2414 529 2476 in
544 2411 654 2495 priscis
668 2412 901 2499 exemplaribus
913 2417 1058 2484 asterisco
1074 2437 1216 2503 notatur,

161 2547 221 2613 pro
238 2541 351 2613 graeco
372 2515 499 2603 ἅρματα
516 2539 624 2579 currus
645 2514 794 2582 habenda
814 2519 870 2602 sit,
900 2534 931 2585 et
950 2542 1060 2605 versus
1079 2524 1150 2611 ipse
1170 2529 1217 2593 sic

159 2626 190 2693 le
211 2623 328 2690 endust

191 2647 209 2710 g
246 2730 459 2805 Harmaioput
472 2733 501 2783 at
513 2719 636 2802 palmas
650 2735 784 2784 numerat
801 2745 876 2802 grex
891 2727 987 2787 omnis
1002 2746 1148 2793 ovorum.

161 2845 250 2913 Nam
269 2863 376 2906 currus
396 2835 554 2902 aLatinis
573 2836 708 2902 subinde
723 2859 783 2922 pro
797 2839 944 2905 missibus
965 2836 1163 2914 Circensium
1176 2864 1205 2914 α

160 2951 290 3015 victoria
303 2940 401 3008 curuli
417 2941 548 3024 positos,
577 2959 680 3023 aeque
695 2940 778 3003 mihi
799 2941 966 3027 probabile
988 2945 1135 3033 videtur,
1157 2967 1206 3018 at-

160 3074 222 3137 que
242 3048 322 3115 illud
342 3057 462 3111 certum
485 3057 548 3121 est,
585 3039 798 3122 aCicerone,
837 3044 961 3125 Plinio,
992 3043 1109 3131 Floro,
1136 3055 1206 3120 aiii,
1239 3128 1245 3138 ·

159 3178 280 3217 currum
301 3170 360 3236 pro
383 3145 548 3232 triumpho
567 3144 696 3210 dictum.
740 3143 814 3209 Vid.
838 3143 971 3213 Salmas.
990 3144 1140 3219 Exeroitt.
1159 3156 1202 3219 ad

158 3255 258 3325 Solin.
273 3275 304 3339 p.
318 3253 393 3318 271.
437 3244 590 3330 vegetius
605 3247 674 3311 loco
689 3261 761 3313 ante
779 3247 914 3313 adducto
926 3251 972 3315 sic
985 3275 1139 3343 usurpare
1149 3258 1204 3321 vi-

155 3361 264 3439 detur,
291 3370 387 3438 atque
411 3349 469 3414 ubi
493 3345 722 3434 Cappadocum
747 3350 946 3418 nobilitatem
965 3346 1114 3424 curribus
1135 3358 1205 3445 glo-

153 3465 276 3527 riosam
302 3457 392 3535 dicit,
429 3450 518 3518 haud
542 3452 643 3516 aliam
667 3472 779 3515 eornm
806 3454 957 3538 gloriam,
990 3481 1095 3543 quam
1122 3463 1204 3529 india

153 3559 352 3628 Circensibus
364 3555 560 3642 acquisitam
580 3552 742 3638 significat.
788 3555 825 3620 Si
849 3558 986 3644 denique
1007 3582 1126 3644 graeca
1143 3589 1205 3632 vo-

152 3664 266 3733 cabula
286 3667 489 3727 bormomoso
510 3670 540 3722 et
559 3659 725 3722 bamamri
744 3663 788 3742 (v.
805 3656 911 3724 Plauti
924 3660 1052 3729 Tmeut
1072 3665 1133 3748 11.‚
1152 3677 1200 3756 2.)

150 3790 170 3834 a
188 3766 316 3834 Latinis
337 3778 463 3849 recepta
477 3774 570 3843 sont,
600 3760 688 3824 baud
702 3761 874 3827 absordum
887 3763 1066 3848 videbitur,
1094 3791 1117 3835 a
1129 3769 1201 3838 Ne.

146 3873 290 3937 mesiano
310 3867 410 3932 etiarn
427 3885 574 3951 graecam
596 3884 708 3928 vocem
723 3865 848 3950 ἅρματα
865 3867 1050 3934 admissam.
1095 3871 1199 3959 Quod

143 3972 172 4034 ai
186 3987 296 4039 tamen
316 3971 446 4035 sonam
464 3969 525 4032 boc
539 3968 682 4052 cuipiam
697 3968 815 4033 dorum
832 3981 863 4033 et
882 3969 1023 4037 insolens
1036 3973 1196 4059 videatur,

140 4092 180 4139 eo
206 4076 292 4159 quod
314 4095 378 4139 non
406 4071 473 4138 alia
502 4072 673 4136 auctoritas
693 4073 779 4139 vocis
805 4072 893 4143 itlius
912 4091 1065 4143 sermm
1090 4077 1194 4149 latino

464 4356 469 4395 l
