2686 4928
506 363 849 440 -179-

141 563 378 647 Quamquam,
410 562 556 628 simodo
581 565 661 627 vitio
683 584 767 632 caret
789 568 929 653 vulgata,
959 567 1042 638 mibi
1054 567 1194 658 'quidem

143 667 300 750 frigidam
317 662 448 751 praebet
460 668 659 731 sententiam.

251 862 284 900 v.
285 834 361 911 59.
368 839 469 907 -62.
514 836 603 899 Nunc
621 842 756 922 primum
779 841 824 900 ud
847 843 968 903 maiora
988 855 1019 905 at
1038 847 1193 929 ampliora

151 957 281 1006 transeo.
306 912 449 1020 Vulgata
468 940 569 1022 poetis
590 943 759 1020 sententia,
789 956 824 1005 ut
845 939 1021 1005 Claudiano
1039 948 1137 1029 praes.
1151 952 1194 1015 ad

151 1045 245 1129 Rapt
266 1041 369 1120 Pros,
400 1039 456 1106 sed
478 1040 587 1104 eadem
611 1044 758 1127 imperite
778 1045 943 1108 enunciata
966 1046 1005 1110 ah
1028 1046 1193 1137 Olympio,

148 1147 206 1231 qui
228 1166 288 1229 pro
310 1145 447 1208 materia
466 1145 617 1209 carminis
640 1147 736 1209 nimis
759 1143 839 1211 altos
863 1149 1033 1231 sumpserit
1052 1152 1193 1236 spiritus.
1238 1200 1242 1211 .

150 1248 224 1313 sea
235 1244 482 1330 insequentibus
496 1249 722 1312 sententiarum
737 1248 818 1312 adeo
833 1249 911 1313 ordo
925 1251 1132 1341 interruptus,
1153 1257 1194 1325 de
1272 1280 1274 1289 ·

153 1370 222 1435 qua
233 1370 269 1415 re
282 1348 352 1413 vide
364 1346 608 1433 praefationem.

259 1521 354 1588 abii.
389 1524 587 1585 ratisuiciuis
600 1533 686 1584 sucta
699 1540 812 1581 ntouart
807 1520 1066 1605 t1t‚1ogenium
1079 1551 1195 1615 parum

152 1608 261 1713 aa·
279 1623 374 1688 rebus
394 1623 557 1689 altioribus
576 1622 804 1700 assuefactum,
830 1645 917 1687 nunc
931 1630 1075 1708 primum
1094 1635 1197 1700 ardua

146 1738 319 1814 capessere
330 1727 522 1813 periclitatur
535 1742 565 1791 et
580 1727 761 1790 tirocinium
783 1744 898 1804 ponere
911 1728 1021 1806 audet,
1043 1745 1197 1817 tanquam
1297 1744 1312 1761 -·
1323 1704 1333 1723 ²

147 1831 398 1912 navisprimum
412 1831 447 1892 in
461 1831 558 1893 maris
571 1841 787 1912 tempestatem
804 1824 948 1890 demissa.
989 1830 1070 1892 Dum
1085 1835 1198 1904 rocula

153 1953 265 2016 quam
284 1946 358 1996 esset
380 1930 514 2014 frigida,
546 1932 642 1994 sensit
670 1929 847 1992 luhnsonus
871 1929 1055 2015 scripsitque
1078 1956 1196 2000 econ.

151 2034 282 2099 iectura
315 2057 387 2099 cum.
441 2035 576 2108 Moneri,
615 2032 700 2117 quod
730 2032 770 2094 de
797 2030 934 2114 remigio
962 2033 1197 2122 accipiendum,

153 2128 347 2202 contrarium
363 2153 407 2201 est
423 2137 504 2199 illis:
534 2140 590 2199 dot
611 2137 681 2200 uolo
702 2140 789 2197 notis.
835 2131 1015 2204 Memoriae
1035 2160 1123 2207 error
1142 2156 1197 2226 est,

146 2238 240 2327 quud
255 2237 406 2304 Rartbius
422 2238 465 2304 ad
479 2237 576 2303 Rutil.
591 2237 633 2321 I.,
655 2243 727 2302 219.
747 2237 845 2299 tenni·
858 2240 940 2301 citat.

241 2432 283 2472 m.
301 2413 354 2474 62.
397 2423 515 2473 tortura
543 2409 671 2494 vulgare
698 2406 812 2492 poetis,
848 2406 905 2470 ubi
927 2406 967 2472 de
990 2406 1121 2473 Oceano
1143 2413 1198 2478 lo·

153 2514 305 2596 quantur.
320 2506 730 2596 ComparatBarth.Cland.
744 2508 841 2594 praei.
856 2510 897 2574 ad
911 2510 965 2577 lib.
975 2511 999 2579 l.
1013 2512 1196 2601 Rapt.v.7.r
1254 2580 1257 2584 ,

153 2630 273 2711 tartara
292 2619 391 2689 sinus,
419 2615 621 2682 Burmannus
642 2613 739 2679 Ovid.
757 2613 817 2700 Ep.
833 2613 925 2695 vlt,
952 2617 1021 2683 57.:
1043 2626 1211 2686 tentant&

150 2722 201 2783 bus
214 2740 352 2804 aequora
372 2732 404 2781 et
417 2733 480 2781 not.
497 2720 539 2784 ad
556 2720 627 2785 Val.
641 2717 743 2782 Flacc.
758 2717 801 2796 l.‚
823 2718 893 2783 197.
910 2716 985 2784 629.

255 2912 285 2953 v.
299 2887 460 2955 68.-85.
504 2883 611 2953 Carini
634 2900 665 2950 et
686 2883 881 2951 Numeriani
901 2882 1090 2970 Caesarum,
1119 2889 1197 2958 Cari

150 2988 310 3073 filiorum,
331 2993 547 3075 praeconium.
591 2989 690 3067 Vide,
711 3009 795 3073 quae
816 2989 851 3050 in
870 2989 1066 3074 praefatione
1085 2992 1197 3079 dispu-

152 3094 302 3158 tavimus.
343 3094 439 3175 Mox,
471 3097 531 3175 ait,
565 3094 675 3157 altiore
701 3092 812 3176 spiritu
840 3092 1042 3160 advestram
1063 3094 1196 3162 evolabo

149 3197 301 3260 virtutem
333 3197 536 3282 pandamque
565 3197 695 3262 laudem
731 3209 885 3276 vestram,
929 3195 1013 3285 orbis
1040 3212 1198 3280 terrarum
1284 3234 1286 3241 v

104 3310 110 3325 '
149 3299 265 3383 magni
284 3298 432 3366 victores
469 3299 571 3364 Versu
591 3303 644 3366 6&
666 3302 782 3360 maiora
799 3299 869 3376 tyro
886 3320 906 3364 a
926 3276 1059 3366 liarthio
1080 3322 1119 3366 ex
1139 3320 1197 3366 ve-

149 3417 235 3469 tusto
256 3394 431 3497 exemplari
454 3416 499 3466 est
519 3403 706 3466 restitutum.
747 3400 794 3463 lta
807 3399 916 3464 Horat.
932 3398 1039 3470 Carm
1061 3400 1195 3483 1V.‚a.,

114 3497 116 3505 ¹
151 3510 222 3597 88..
258 3509 395 3577 concines
424 3511 540 3569 maiora
569 3520 662 3590 poeta
688 3503 805 3586 plectro
837 3502 1006 3569 Caesarem.
1050 3500 1196 3577 Alteram

151 3586 343 3722 scripturam
365 3610 496 3685 meliora,
518 3607 605 3673 libris
618 3606 777 3688 vulgatam
792 3605 919 3684 nostris,
940 3608 999 3672 etsi
1011 3620 1060 3673 sat
1078 3629 1196 3694 magna

149 3690 325 3774 verborum
347 3711 439 3794 copia
457 3730 583 3774 servare
605 3709 708 3776 studet
726 3704 945 3790 Burmannus,
967 3724 1075 3776 tamen
1093 3711 1194 3775 nihilo

151 3812 429 3897 praestabiliorem
459 3812 598 3876 reddidit
626 3809 767 3894 antiqua.
819 3811 1034 3879 Imitationem
1065 3812 1196 3896 Virgilii

153 3908 273 3996 Georg.
291 3913 368 3994 lll.,
389 3915 456 3982 lb:
478 3918 552 3981 Mox
573 3929 674 3977 tamon
696 3912 836 3977 ordeum
854 3921 1000 3999 accingar
1015 3920 1114 3980 dicero
1132 3939 1195 3998 pu-

154 4039 232 4096 gnus
245 4020 385 4086 &uaris
410 4019 529 4084 notavit
554 4014 801 4084 Vl'ernsdorlius.

768 4144 811 4234 12
831 4169 862 4225 *.
