2686 4928
510 374 832 456 ...m-

147 589 285 663 proptan.
298 572 486 663 pronitatem
510 574 694 656 locutionis,
726 590 796 644 tum
816 592 947 667 propter
967 577 1200 650 conturbatam‘

146 679 375 746 sententiarum
394 681 658 746 oonvenientiam.
675 689 792 765 putero
814 697 900 748 utero
912 681 1116 751 Burmannus
1135 709 1192 753 mr

144 784 334 865 coniecerit,
360 806 427 848 non
445 785 549 850 video.
594 785 688 849 Ultra
713 787 799 872 quod
823 784 1043 872 reponendum
1068 793 1192 876 putavit

143 885 311 967 Barthius,
331 909 446 975 parum
465 900 532 952 erat
550 908 677 953 memor
694 889 846 974 ponderis
861 889 1031 956 verborum
1051 892 1095 958 ab
1113 917 1190 963 sen·

142 991 320 1056 tentiarum
335 992 553 1077 oppositione:
579 1013 645 1056 non
662 994 799 1057 naturae
811 1005 899 1058 tanta
917 991 1025 1060 feritas
1041 998 1118 1063 satis
1133 1015 1191 1084 est,

143 1094 200 1160 sed
207 1114 332 1261 6appiane
344 1115 419 1165 eam
432 1097 513 1159 ultro
530 1098 657 1163 student
674 1100 757 1163 coitu
778 1119 852 1164 cum
867 1095 1008 1182 tigribus
1021 1098 1078 1170 etr.
1093 1102 1190 1173 etiam

142 1219 173 1264 v.
188 1202 204 1264 l
250 1243 260 1263 .

248 1355 277 1398 v.
296 1332 368 1401 165.
411 1325 577 1399 olansuetts
592 1339 623 1396 in
636 1333 763 1397 stabulis
781 1330 814 1398 h.
833 1349 1076 1402 mansuelamm
1089 1356 1190 1423 pecu·

151 1435 234 1502 dum.
277 1439 374 1502 Ferus
394 1439 516 1500 adulter
536 1437 632 1520 tigris.
676 1433 788 1502 Claud.
811 1434 905 1503 Cous.
921 1437 1000 1505 Mat
1015 1438 1088 1507 804.
1102 1444 1189 1508 leuu-

145 1563 204 1604 aae
222 1545 400 1605 nobiliorem
415 1556 531 1606 uterum
550 1544 660 1604 viridis
672 1548 811 1624 corrupit
831 1544 979 1618 adulterJ
1000 1543 1191 1615 Wcrnsd.

143 1645 286 1710 Ratione
300 1646 471 1709 verborum
493 1660 530 1707 et.
545 1644 681 1708 aliorum
699 1645 884 1710 auctoritate
906 1662 1084 1732 permotus,
1113 1663 1191 1714 tan-

141 1764 218 1814 tt'tm
239 1749 359 1834 liquere
385 1749 511 1813 affirmo
539 1763 592 1811 aut
613 1752 705 1826 gravi
733 1751 888 1812 succedere
911 1754 1004 1829 tigri,
1035 1766 1090 1816 aut
1110 1774 1190 1831 gru-

143 1874 218 1916 oom
251 1876 325 1918 succ.
352 1857 459 1932 tigrim
488 1871 554 1915 esse
587 1849 817 1935 reponendum.
873 1848 1059 1936 Praeplacet
1092 1857 1191 1938 prius.

147 1959 314 2021 succedere
331 1956 560 2040 meaquidem
586 1952 737 2038 opinione
762 1967 822 2020 est:
855 1959 937 2040 sequi
958 1961 1055 2020 coitus
1073 1979 1191 2024 caussa.

147 2059 236 2126 Illud
249 2072 351 2124 autem
367 2065 460 2140 gravi
475 2057 652 2123 admodum
667 2057 857 2124 conveniens
881 2058 940 2124 est⁸
947 2058 1050 2126 verbis
1073 2067 1190 2128 maiore

145 2168 188 2230 de
204 2168 361 2244 sanguino,
392 2184 469 2227 nam
490 2186 618 2242 gravem
639 2161 718 2225 dixit
739 2163 896 2227 maiorem
916 2163 958 2226 ob
980 2162 1190 2247 ferocitatem,

139 2268 381 2346 fortitudinem,
410 2266 658 2330 vehementiam.
702 2261 907 2331 Burmannus
925 2267 1011 2350 quod
1032 2267 1190 2356 interpre-

142 2387 227 2439 tatur
246 2386 386 2436 suturam
406 2373 488 2451 cibo,
510 2369 656 2452 ineptum
669 2365 809 2454 profecto
823 2380 878 2432 est.
1172 2343 1176 2367 l

248 2550 281 2591 v.
303 2529 375 2592 167.
419 2523 500 2603 Sed,
530 2542 613 2608 quae
632 2522 709 2590 inde
728 2538 874 2589 nascetur
893 2522 991 2588 virtus
1010 2522 1189 2592 catulorum

144 2627 347 2719 praefervida
367 2643 400 2695 et
420 2628 587 2714 improba,
617 2644 656 2694 ea
675 2625 835 2714 impellet,
864 2640 899 2690 ut
916 2627 1069 2712 pecudes,
1098 2644 1190 2694 tam-

145 2756 245 2822 quam
260 2735 296 2797 in
310 2732 396 2798 silvis
416 2747 448 2798 et
466 2746 600 2807 venatu,
620 2730 779 2794 invadant.
821 2732 934 2794 Aulum
952 2731 1097 2797 dicebant
1113 2725 1190 2797 ¹ani-

144 2839 285 2927 malium
300 2835 547 2900 domesticorum
561 2821 759 2916 receptacula
779 2831 1002 2918 circumsepta,
1022 2833 1077 2896 ubi
1091 2857 1189 2899 man-

149 2943 252 3010 siones
265 2938 428 3005 habebant
440 2960 521 3005 suas.
562 2934 605 3000 V.
617 2934 725 3000 Horat.
741 2934 840 3020 Epist.
860 2933 901 3014 l.,
915 2941 946 3000 2.
960 2959 989 2999 v.
1005 2933 1056 2999 65.
1073 2935 1191 3011 etSer-¹
1230 2960 1234 2965 ·

85 3077 86 3083 ¹
150 3047 238 3112 vium
263 3045 306 3111 ad
323 3041 403 3109 Aen.
419 3042 477 3107 IX.
497 3067 528 3107 v.
544 3041 597 3107 60.

190 3247 193 3252 ,
251 3200 281 3242 v.
298 3178 367 3245 169.
386 3179 458 3243 170.
498 3173 734 3259 Quamcunque
753 3169 843 3232 domi
861 3168 987 3254 culpam
1002 3168 1191 3235 sustinuerat

145 3281 312 3370 pecudum
327 3280 440 3360 caede,
466 3297 505 3344 ea
517 3273 665 3365 purgabit
677 3294 711 3340 sc
730 3274 765 3336 in
780 3274 959 3341 venatione.
1003 3275 1115 3357 ltaque
1128 3272 1191 3338 hac

144 3388 261 3452 virtute
275 3383 387 3450 bellica
400 3383 562 3449 minuetur
574 3379 664 3466 quasi
678 3376 787 3461 culpa,
808 3397 907 3459 quam
925 3375 1113 3441 trucidando
1132 3397 1191 3460 pe.

147 3475 221 3557 core
243 3488 413 3555 domestico
436 3486 573 3553 admisit.
622 3481 675 3546 De
700 3481 856 3543 locutione
880 3485 1011 3542 crimina
1030 3476 1109 3562 fecit
1132 3478 1190 3544 cfr.

145 3593 287 3678 Propert.
301 3593 376 3674 lv„
393 3590 440 3670 4.,
453 3591 504 3655 te.
526 3602 556 3653 et
574 3587 684 3650 Burm.
697 3582 737 3646 ad
752 3579 848 3644 Ovid.
865 3578 933 3648 Art.
951 3583 1011 3661 lt,
1026 3586 1100 3647 633.
1121 3583 1190 3647 Eo-

148 3711 228 3763 cuset
255 3694 456 3762 scribendum
486 3712 552 3757 esse
579 3687 710 3752 coniecit
738 3681 919 3751 Gronovius
940 3683 1032 3750 Obss.
1053 3685 1111 3761 lt,
1138 3689 1188 3748 18.

146 3800 211 3868 sed
220 3797 416 3885 probabilior
430 3796 601 3877 fortiorque
612 3791 738 3873 vulgata
749 3789 901 3872 scriptura
914 3802 968 3853 est.
1010 3789 1189 3853 bloousando
1252 3823 1254 3826 -

146 3904 235 3971 enim
247 3901 456 3967 obumbratur
468 3900 606 3973 crimen,
627 3895 799 3960 excutiendo
815 3905 918 3955 totum
933 3889 1054 3955 deletur
1066 3902 1096 3950 et
1109 3888 1190 3949 abo-

146 4007 237 4072 letur.
281 4001 342 4069 Cui
363 4001 516 4089 loquendi
533 4000 641 4084 generi
655 3996 736 4060 nihil
756 4017 820 4059 non
838 3993 982 4057 alienum
995 4002 1189 4074 aptarestu-

150 4106 428 4197 dueruntUlitius
447 4127 520 4174 cum
542 4103 738 4172 Burmanno.
783 4097 1003 4166 Alienissimus
1026 4091 1122 4159 Silius
1146 4107 1189 4159 est
